Account,Txn Date,Value Date,Description,Ref/Cheque No.,Merchant,MCC,Category,Channel,Debit,Credit,Balance
XXXX-XXXX-9876,2019-11-01,2019-11-01,NEFT CR/Salary CREDIT/NOV 2019,NEFT1911S,Employer: TechNova Solutions,,Income,NEFT,,78000.00,98000.00
XXXX-XXXX-9876,2019-11-03,2019-11-03,IMPS DR/RENT/HOME OWNER,IMPS439563,,,Housing,IMPS,23000.00,,75000.00
XXXX-XXXX-9876,2019-11-07,2019-11-07,ELECTRICITY BILL/NDPL/ONLINE,EB29772,,,Utilities,NET,1950.00,,73050.00
XXXX-XXXX-9876,2019-11-08,2019-11-08,WATER BILL/DJB/ONLINE,WB95319,,,Utilities,NET,350.00,,72700.00
XXXX-XXXX-9876,2019-11-14,2019-11-14,CC Payment HDFC Regalia XXXX-4321,NACH961168,,,Debt Payment,NACH,11000.00,,61700.00
XXXX-XXXX-9876,2019-11-10,2019-11-10,POS DR/BIGBASKET/DELHI,POS198702,BigBasket,5411,Groceries,POS,1890.00,,59810.00
XXXX-XXXX-9876,2019-11-17,2019-11-17,POS DR/BIGBASKET/DELHI,POS711097,BigBasket,5411,Groceries,POS,1580.00,,58230.00
XXXX-XXXX-9876,2019-11-24,2019-11-24,POS DR/BIGBASKET/DELHI,POS632084,BigBasket,5411,Groceries,POS,1100.00,,57130.00
XXXX-XXXX-9876,2019-11-15,2019-11-15,POS DR/HPCL FUEL PUMP/DELHI,POS190122,HPCL,5541,Transport,POS,1200.00,,55930.00
XXXX-XXXX-9876,2019-11-28,2019-11-28,POS DR/IOCL FUEL PUMP/DELHI,POS173248,IOCL,5541,Transport,POS,2200.00,,53730.00
XXXX-XXXX-9876,2019-11-05,2019-11-05,POS DR/SWIGGY/FOOD ORDER,POS545140,Swiggy,5814,Dining,POS,890.00,,52840.00
XXXX-XXXX-9876,2019-11-12,2019-11-12,POS DR/SWIGGY/FOOD ORDER,POS967017,Swiggy,5814,Dining,POS,350.00,,52490.00
XXXX-XXXX-9876,2019-11-18,2019-11-18,UPI CR/***@oksbi/Refund,UPI692921,,,Refund,UPI,,1000.00,53490.00
XXXX-XXXX-9876,2019-11-10,2019-11-10,SI POS/NETFLIX.COM/Subscriptions,SI39260,,,Subscriptions,SI,649.00,,52841.00
XXXX-XXXX-9876,2019-11-11,2019-11-11,UPI DR/AIRTEL PREPAID/***@okaxis,UPI761259,,,Telecom,UPI,399.00,,52442.00
XXXX-XXXX-9876,2019-11-27,2019-11-27,INT CR/SB INTEREST,INT85642,,,Interest,AUTO,,45.75,52487.75
XXXX-XXXX-9876,2019-12-01,2019-12-01,NEFT CR/Salary CREDIT/DEC 2019,NEFT1912S,Employer: TechNova Solutions,,Income,NEFT,,78000.00,130487.75
XXXX-XXXX-9876,2019-12-03,2019-12-03,IMPS DR/RENT/HOME OWNER,IMPS713984,,,Housing,IMPS,23000.00,,107487.75
XXXX-XXXX-9876,2019-12-07,2019-12-07,ELECTRICITY BILL/NDPL/ONLINE,EB61993,,,Utilities,NET,1600.00,,105887.75
XXXX-XXXX-9876,2019-12-08,2019-12-08,WATER BILL/DJB/ONLINE,WB38977,,,Utilities,NET,350.00,,105537.75
XXXX-XXXX-9876,2019-12-14,2019-12-14,CC Payment HDFC Regalia XXXX-4321,NACH403677,,,Debt Payment,NACH,13000.00,,92537.75
XXXX-XXXX-9876,2019-12-15,2019-12-15,POS DR/BIGBASKET/DELHI,POS251262,BigBasket,5411,Groceries,POS,1725.00,,90812.75
XXXX-XXXX-9876,2019-12-22,2019-12-22,POS DR/BIGBASKET/DELHI,POS223514,BigBasket,5411,Groceries,POS,1890.00,,88922.75
XXXX-XXXX-9876,2019-12-29,2019-12-29,POS DR/BIGBASKET/DELHI,POS423466,BigBasket,5411,Groceries,POS,1890.00,,87032.75
XXXX-XXXX-9876,2019-12-15,2019-12-15,POS DR/BPCL FUEL PUMP/DELHI,POS208061,BPCL,5541,Transport,POS,1500.00,,85532.75
XXXX-XXXX-9876,2019-12-28,2019-12-28,POS DR/BPCL FUEL PUMP/DELHI,POS490487,BPCL,5541,Transport,POS,1500.00,,84032.75
XXXX-XXXX-9876,2019-12-06,2019-12-06,POS DR/SWIGGY/FOOD ORDER,POS691783,Swiggy,5814,Dining,POS,350.00,,83682.75
XXXX-XXXX-9876,2019-12-24,2019-12-24,POS DR/SWIGGY/FOOD ORDER,POS749078,Swiggy,5814,Dining,POS,350.00,,83332.75
XXXX-XXXX-9876,2019-12-18,2019-12-18,UPI CR/***@oksbi/Refund,UPI315963,,,Refund,UPI,,2500.00,85832.75
XXXX-XXXX-9876,2019-12-10,2019-12-10,SI POS/NETFLIX.COM/Subscriptions,SI99181,,,Subscriptions,SI,649.00,,85183.75
XXXX-XXXX-9876,2019-12-11,2019-12-11,UPI DR/AIRTEL PREPAID/***@okaxis,UPI657549,,,Telecom,UPI,399.00,,84784.75
XXXX-XXXX-9876,2019-12-27,2019-12-27,INT CR/SB INTEREST,INT86750,,,Interest,AUTO,,45.75,84830.50
XXXX-XXXX-9876,2020-01-01,2020-01-01,NEFT CR/Salary CREDIT/JAN 2020,NEFT2001S,Employer: TechNova Solutions,,Income,NEFT,,78000.00,162830.50
XXXX-XXXX-9876,2020-01-03,2020-01-03,IMPS DR/RENT/HOME OWNER,IMPS575198,,,Housing,IMPS,23000.00,,139830.50
XXXX-XXXX-9876,2020-01-07,2020-01-07,ELECTRICITY BILL/NDPL/ONLINE,EB57393,,,Utilities,NET,1850.00,,137980.50
XXXX-XXXX-9876,2020-01-08,2020-01-08,WATER BILL/DJB/ONLINE,WB42561,,,Utilities,NET,420.00,,137560.50
XXXX-XXXX-9876,2020-01-14,2020-01-14,CC Payment HDFC Regalia XXXX-4321,NACH185831,,,Debt Payment,NACH,13000.00,,124560.50
XXXX-XXXX-9876,2020-01-05,2020-01-05,POS DR/BIGBASKET/DELHI,POS414834,BigBasket,5411,Groceries,POS,1890.00,,122670.50
XXXX-XXXX-9876,2020-01-12,2020-01-12,POS DR/BIGBASKET/DELHI,POS619167,BigBasket,5411,Groceries,POS,1890.00,,120780.50
XXXX-XXXX-9876,2020-01-19,2020-01-19,POS DR/BIGBASKET/DELHI,POS864878,BigBasket,5411,Groceries,POS,1580.00,,119200.50
XXXX-XXXX-9876,2020-01-26,2020-01-26,POS DR/BIGBASKET/DELHI,POS401924,BigBasket,5411,Groceries,POS,1725.00,,117475.50
XXXX-XXXX-9876,2020-01-15,2020-01-15,POS DR/BPCL FUEL PUMP/DELHI,POS223800,BPCL,5541,Transport,POS,1200.00,,116275.50
XXXX-XXXX-9876,2020-01-28,2020-01-28,POS DR/BPCL FUEL PUMP/DELHI,POS272975,BPCL,5541,Transport,POS,2200.00,,114075.50
XXXX-XXXX-9876,2020-01-09,2020-01-09,POS DR/SWIGGY/FOOD ORDER,POS542182,Swiggy,5814,Dining,POS,750.00,,113325.50
XXXX-XXXX-9876,2020-01-17,2020-01-17,POS DR/SWIGGY/FOOD ORDER,POS800675,Swiggy,5814,Dining,POS,350.00,,112975.50
XXXX-XXXX-9876,2020-01-18,2020-01-18,UPI CR/***@oksbi/Refund,UPI181390,,,Refund,UPI,,2000.00,114975.50
XXXX-XXXX-9876,2020-01-10,2020-01-10,SI POS/NETFLIX.COM/Subscriptions,SI54580,,,Subscriptions,SI,649.00,,114326.50
XXXX-XXXX-9876,2020-01-11,2020-01-11,UPI DR/AIRTEL PREPAID/***@okaxis,UPI829070,,,Telecom,UPI,399.00,,113927.50
XXXX-XXXX-9876,2020-01-27,2020-01-27,INT CR/SB INTEREST,INT69795,,,Interest,AUTO,,45.75,113973.25
XXXX-XXXX-9876,2020-02-01,2020-02-01,NEFT CR/Salary CREDIT/FEB 2020,NEFT2002S,Employer: TechNova Solutions,,Income,NEFT,,78000.00,191973.25
XXXX-XXXX-9876,2020-02-03,2020-02-03,IMPS DR/RENT/HOME OWNER,IMPS172103,,,Housing,IMPS,23000.00,,168973.25
XXXX-XXXX-9876,2020-02-07,2020-02-07,ELECTRICITY BILL/NDPL/ONLINE,EB22267,,,Utilities,NET,1850.00,,167123.25
XXXX-XXXX-9876,2020-02-08,2020-02-08,WATER BILL/DJB/ONLINE,WB72141,,,Utilities,NET,350.00,,166773.25
XXXX-XXXX-9876,2020-02-14,2020-02-14,CC Payment HDFC Regalia XXXX-4321,NACH866676,,,Debt Payment,NACH,11000.00,,155773.25
XXXX-XXXX-9876,2020-02-02,2020-02-02,POS DR/BIGBASKET/DELHI,POS778563,BigBasket,5411,Groceries,POS,1580.00,,154193.25
XXXX-XXXX-9876,2020-02-09,2020-02-09,POS DR/BIGBASKET/DELHI,POS814328,BigBasket,5411,Groceries,POS,1890.00,,152303.25
XXXX-XXXX-9876,2020-02-16,2020-02-16,POS DR/BIGBASKET/DELHI,POS398420,BigBasket,5411,Groceries,POS,1725.00,,150578.25
XXXX-XXXX-9876,2020-02-23,2020-02-23,POS DR/BIGBASKET/DELHI,POS801133,BigBasket,5411,Groceries,POS,1725.00,,148853.25
XXXX-XXXX-9876,2020-02-15,2020-02-15,POS DR/IOCL FUEL PUMP/DELHI,POS584122,IOCL,5541,Transport,POS,1200.00,,147653.25
XXXX-XXXX-9876,2020-02-28,2020-02-28,POS DR/IOCL FUEL PUMP/DELHI,POS740595,IOCL,5541,Transport,POS,1500.00,,146153.25
XXXX-XXXX-9876,2020-02-06,2020-02-06,POS DR/SWIGGY/FOOD ORDER,POS328807,Swiggy,5814,Dining,POS,350.00,,145803.25
XXXX-XXXX-9876,2020-02-22,2020-02-22,POS DR/SWIGGY/FOOD ORDER,POS235623,Swiggy,5814,Dining,POS,620.00,,145183.25
XXXX-XXXX-9876,2020-02-18,2020-02-18,UPI CR/***@oksbi/Refund,UPI874230,,,Refund,UPI,,1500.00,146683.25
XXXX-XXXX-9876,2020-02-10,2020-02-10,SI POS/NETFLIX.COM/Subscriptions,SI62153,,,Subscriptions,SI,649.00,,146034.25
XXXX-XXXX-9876,2020-02-11,2020-02-11,UPI DR/AIRTEL PREPAID/***@okaxis,UPI509940,,,Telecom,UPI,399.00,,145635.25
XXXX-XXXX-9876,2020-02-27,2020-02-27,INT CR/SB INTEREST,INT31805,,,Interest,AUTO,,45.75,145681.00
XXXX-XXXX-9876,2020-03-01,2020-03-01,NEFT CR/Salary CREDIT/MAR 2020,NEFT2003S,Employer: TechNova Solutions,,Income,NEFT,,78000.00,223681.00
XXXX-XXXX-9876,2020-03-03,2020-03-03,IMPS DR/RENT/HOME OWNER,IMPS571007,,,Housing,IMPS,23000.00,,200681.00
XXXX-XXXX-9876,2020-03-07,2020-03-07,ELECTRICITY BILL/NDPL/ONLINE,EB62644,,,Utilities,NET,1850.00,,198831.00
XXXX-XXXX-9876,2020-03-08,2020-03-08,WATER BILL/DJB/ONLINE,WB27947,,,Utilities,NET,520.00,,198311.00
XXXX-XXXX-9876,2020-03-14,2020-03-14,CC Payment HDFC Regalia XXXX-4321,NACH840710,,,Debt Payment,NACH,15000.00,,183311.00
XXXX-XXXX-9876,2020-03-15,2020-03-15,POS DR/BIGBASKET/DELHI,POS476198,BigBasket,5411,Groceries,POS,1725.00,,181586.00
XXXX-XXXX-9876,2020-03-22,2020-03-22,POS DR/BIGBASKET/DELHI,POS341960,BigBasket,5411,Groceries,POS,1725.00,,179861.00
XXXX-XXXX-9876,2020-03-29,2020-03-29,POS DR/BIGBASKET/DELHI,POS187015,BigBasket,5411,Groceries,POS,1350.00,,178511.00
XXXX-XXXX-9876,2020-03-15,2020-03-15,POS DR/HPCL FUEL PUMP/DELHI,POS343224,HPCL,5541,Transport,POS,1500.00,,177011.00
XXXX-XXXX-9876,2020-03-28,2020-03-28,POS DR/BPCL FUEL PUMP/DELHI,POS112649,BPCL,5541,Transport,POS,1500.00,,175511.00
XXXX-XXXX-9876,2020-03-22,2020-03-22,POS DR/SWIGGY/FOOD ORDER,POS375509,Swiggy,5814,Dining,POS,480.00,,175031.00
XXXX-XXXX-9876,2020-03-25,2020-03-25,POS DR/SWIGGY/FOOD ORDER,POS104292,Swiggy,5814,Dining,POS,620.00,,174411.00
XXXX-XXXX-9876,2020-03-18,2020-03-18,UPI CR/***@oksbi/Refund,UPI252752,,,Refund,UPI,,2500.00,176911.00
XXXX-XXXX-9876,2020-03-10,2020-03-10,SI POS/NETFLIX.COM/Subscriptions,SI80069,,,Subscriptions,SI,649.00,,176262.00
XXXX-XXXX-9876,2020-03-11,2020-03-11,UPI DR/AIRTEL PREPAID/***@okaxis,UPI487190,,,Telecom,UPI,399.00,,175863.00
XXXX-XXXX-9876,2020-03-27,2020-03-27,INT CR/SB INTEREST,INT26448,,,Interest,AUTO,,45.75,175908.75
XXXX-XXXX-9876,2020-04-01,2020-04-01,NEFT CR/Salary CREDIT/APR 2020,NEFT2004S,Employer: TechNova Solutions,,Income,NEFT,,78000.00,253908.75
XXXX-XXXX-9876,2020-04-03,2020-04-03,IMPS DR/RENT/HOME OWNER,IMPS824035,,,Housing,IMPS,23000.00,,230908.75
XXXX-XXXX-9876,2020-04-07,2020-04-07,ELECTRICITY BILL/NDPL/ONLINE,EB77566,,,Utilities,NET,1600.00,,229308.75
XXXX-XXXX-9876,2020-04-08,2020-04-08,WATER BILL/DJB/ONLINE,WB69853,,,Utilities,NET,520.00,,228788.75
XXXX-XXXX-9876,2020-04-14,2020-04-14,CC Payment HDFC Regalia XXXX-4321,NACH518359,,,Debt Payment,NACH,17000.00,,211788.75
XXXX-XXXX-9876,2020-04-05,2020-04-05,POS DR/BIGBASKET/DELHI,POS208566,BigBasket,5411,Groceries,POS,1725.00,,210063.75
XXXX-XXXX-9876,2020-04-12,2020-04-12,POS DR/BIGBASKET/DELHI,POS765100,BigBasket,5411,Groceries,POS,1725.00,,208338.75
XXXX-XXXX-9876,2020-04-19,2020-04-19,POS DR/BIGBASKET/DELHI,POS165271,BigBasket,5411,Groceries,POS,1725.00,,206613.75
XXXX-XXXX-9876,2020-04-26,2020-04-26,POS DR/BIGBASKET/DELHI,POS170619,BigBasket,5411,Groceries,POS,1350.00,,205263.75
XXXX-XXXX-9876,2020-04-15,2020-04-15,POS DR/HPCL FUEL PUMP/DELHI,POS270187,HPCL,5541,Transport,POS,2200.00,,203063.75
XXXX-XXXX-9876,2020-04-28,2020-04-28,POS DR/HPCL FUEL PUMP/DELHI,POS729908,HPCL,5541,Transport,POS,1800.00,,201263.75
XXXX-XXXX-9876,2020-04-04,2020-04-04,POS DR/SWIGGY/FOOD ORDER,POS694315,Swiggy,5814,Dining,POS,350.00,,200913.75
XXXX-XXXX-9876,2020-04-06,2020-04-06,POS DR/SWIGGY/FOOD ORDER,POS662685,Swiggy,5814,Dining,POS,480.00,,200433.75
XXXX-XXXX-9876,2020-04-18,2020-04-18,UPI CR/***@oksbi/Refund,UPI206393,,,Refund,UPI,,2000.00,202433.75
XXXX-XXXX-9876,2020-04-10,2020-04-10,SI POS/NETFLIX.COM/Subscriptions,SI90443,,,Subscriptions,SI,649.00,,201784.75
XXXX-XXXX-9876,2020-04-11,2020-04-11,UPI DR/AIRTEL PREPAID/***@okaxis,UPI126739,,,Telecom,UPI,399.00,,201385.75
XXXX-XXXX-9876,2020-04-25,2020-04-25,POS DR/INDIGO AIRLINES/TICKET,POS494505,IndiGo,4511,Travel,POS,8200.00,,193185.75
XXXX-XXXX-9876,2020-04-27,2020-04-27,BANK CHARGES/CONSOLIDATED,BNK43063,,,Bank Charges,NET,29.50,,193156.25
XXXX-XXXX-9876,2020-05-01,2020-05-01,NEFT CR/Salary CREDIT/MAY 2020,NEFT2005S,Employer: TechNova Solutions,,Income,NEFT,,78000.00,271156.25
XXXX-XXXX-9876,2020-05-03,2020-05-03,IMPS DR/RENT/HOME OWNER,IMPS464264,,,Housing,IMPS,23000.00,,248156.25
XXXX-XXXX-9876,2020-05-07,2020-05-07,ELECTRICITY BILL/NDPL/ONLINE,EB88941,,,Utilities,NET,1850.00,,246306.25
XXXX-XXXX-9876,2020-05-08,2020-05-08,WATER BILL/DJB/ONLINE,WB72147,,,Utilities,NET,350.00,,245956.25
XXXX-XXXX-9876,2020-05-14,2020-05-14,CC Payment HDFC Regalia XXXX-4321,NACH990174,,,Debt Payment,NACH,11000.00,,234956.25
XXXX-XXXX-9876,2020-05-10,2020-05-10,POS DR/BIGBASKET/DELHI,POS588625,BigBasket,5411,Groceries,POS,1725.00,,233231.25
XXXX-XXXX-9876,2020-05-17,2020-05-17,POS DR/BIGBASKET/DELHI,POS607337,BigBasket,5411,Groceries,POS,1725.00,,231506.25
XXXX-XXXX-9876,2020-05-24,2020-05-24,POS DR/BIGBASKET/DELHI,POS190056,BigBasket,5411,Groceries,POS,1580.00,,229926.25
XXXX-XXXX-9876,2020-05-31,2020-05-31,POS DR/BIGBASKET/DELHI,POS207151,BigBasket,5411,Groceries,POS,1350.00,,228576.25
XXXX-XXXX-9876,2020-05-15,2020-05-15,POS DR/BPCL FUEL PUMP/DELHI,POS876314,BPCL,5541,Transport,POS,1800.00,,226776.25
XXXX-XXXX-9876,2020-05-28,2020-05-28,POS DR/IOCL FUEL PUMP/DELHI,POS969117,IOCL,5541,Transport,POS,2200.00,,224576.25
XXXX-XXXX-9876,2020-05-10,2020-05-10,POS DR/SWIGGY/FOOD ORDER,POS124217,Swiggy,5814,Dining,POS,890.00,,223686.25
XXXX-XXXX-9876,2020-05-30,2020-05-30,POS DR/SWIGGY/FOOD ORDER,POS653918,Swiggy,5814,Dining,POS,480.00,,223206.25
XXXX-XXXX-9876,2020-05-18,2020-05-18,UPI CR/***@oksbi/Refund,UPI479324,,,Refund,UPI,,1500.00,224706.25
XXXX-XXXX-9876,2020-05-10,2020-05-10,SI POS/NETFLIX.COM/Subscriptions,SI81194,,,Subscriptions,SI,649.00,,224057.25
XXXX-XXXX-9876,2020-05-11,2020-05-11,UPI DR/AIRTEL PREPAID/***@okaxis,UPI128356,,,Telecom,UPI,399.00,,223658.25
XXXX-XXXX-9876,2020-05-27,2020-05-27,BANK CHARGES/CONSOLIDATED,BNK94268,,,Bank Charges,NET,29.50,,223628.75
XXXX-XXXX-9876,2020-06-01,2020-06-01,NEFT CR/Salary CREDIT/JUN 2020,NEFT2006S,Employer: TechNova Solutions,,Income,NEFT,,78000.00,301628.75
XXXX-XXXX-9876,2020-06-03,2020-06-03,IMPS DR/RENT/HOME OWNER,IMPS195431,,,Housing,IMPS,23000.00,,278628.75
XXXX-XXXX-9876,2020-06-07,2020-06-07,ELECTRICITY BILL/NDPL/ONLINE,EB44224,,,Utilities,NET,1850.00,,276778.75
XXXX-XXXX-9876,2020-06-08,2020-06-08,WATER BILL/DJB/ONLINE,WB31894,,,Utilities,NET,480.00,,276298.75
XXXX-XXXX-9876,2020-06-14,2020-06-14,CC Payment HDFC Regalia XXXX-4321,NACH658463,,,Debt Payment,NACH,13000.00,,263298.75
XXXX-XXXX-9876,2020-06-21,2020-06-21,POS DR/BIGBASKET/DELHI,POS916898,BigBasket,5411,Groceries,POS,1890.00,,261408.75
XXXX-XXXX-9876,2020-06-28,2020-06-28,POS DR/BIGBASKET/DELHI,POS445678,BigBasket,5411,Groceries,POS,1890.00,,259518.75
XXXX-XXXX-9876,2020-06-15,2020-06-15,POS DR/BPCL FUEL PUMP/DELHI,POS743016,BPCL,5541,Transport,POS,1500.00,,258018.75
XXXX-XXXX-9876,2020-06-28,2020-06-28,POS DR/HPCL FUEL PUMP/DELHI,POS958084,HPCL,5541,Transport,POS,1500.00,,256518.75
XXXX-XXXX-9876,2020-06-12,2020-06-12,POS DR/SWIGGY/FOOD ORDER,POS642783,Swiggy,5814,Dining,POS,480.00,,256038.75
XXXX-XXXX-9876,2020-06-19,2020-06-19,POS DR/SWIGGY/FOOD ORDER,POS472834,Swiggy,5814,Dining,POS,750.00,,255288.75
XXXX-XXXX-9876,2020-06-18,2020-06-18,UPI CR/***@oksbi/Refund,UPI866513,,,Refund,UPI,,1000.00,256288.75
XXXX-XXXX-9876,2020-06-10,2020-06-10,SI POS/NETFLIX.COM/Subscriptions,SI13661,,,Subscriptions,SI,649.00,,255639.75
XXXX-XXXX-9876,2020-06-11,2020-06-11,UPI DR/AIRTEL PREPAID/***@okaxis,UPI928494,,,Telecom,UPI,399.00,,255240.75
XXXX-XXXX-9876,2020-06-25,2020-06-25,POS DR/INDIGO AIRLINES/TICKET,POS826161,IndiGo,4511,Travel,POS,8200.00,,247040.75
XXXX-XXXX-9876,2020-06-27,2020-06-27,INT CR/SB INTEREST,INT55125,,,Interest,AUTO,,45.75,247086.50
XXXX-XXXX-9876,2020-07-01,2020-07-01,NEFT CR/Salary CREDIT/JUL 2020,NEFT2007S,Employer: TechNova Solutions,,Income,NEFT,,78000.00,325086.50
XXXX-XXXX-9876,2020-07-03,2020-07-03,IMPS DR/RENT/HOME OWNER,IMPS568952,,,Housing,IMPS,23000.00,,302086.50
XXXX-XXXX-9876,2020-07-07,2020-07-07,ELECTRICITY BILL/NDPL/ONLINE,EB55812,,,Utilities,NET,1850.00,,300236.50
XXXX-XXXX-9876,2020-07-08,2020-07-08,WATER BILL/DJB/ONLINE,WB20556,,,Utilities,NET,420.00,,299816.50
XXXX-XXXX-9876,2020-07-14,2020-07-14,CC Payment HDFC Regalia XXXX-4321,NACH337865,,,Debt Payment,NACH,11000.00,,288816.50
XXXX-XXXX-9876,2020-07-05,2020-07-05,POS DR/BIGBASKET/DELHI,POS306261,BigBasket,5411,Groceries,POS,1725.00,,287091.50
XXXX-XXXX-9876,2020-07-12,2020-07-12,POS DR/BIGBASKET/DELHI,POS314301,BigBasket,5411,Groceries,POS,1580.00,,285511.50
XXXX-XXXX-9876,2020-07-19,2020-07-19,POS DR/BIGBASKET/DELHI,POS754381,BigBasket,5411,Groceries,POS,1725.00,,283786.50
XXXX-XXXX-9876,2020-07-26,2020-07-26,POS DR/BIGBASKET/DELHI,POS981260,BigBasket,5411,Groceries,POS,1890.00,,281896.50
XXXX-XXXX-9876,2020-07-15,2020-07-15,POS DR/HPCL FUEL PUMP/DELHI,POS784697,HPCL,5541,Transport,POS,2200.00,,279696.50
XXXX-XXXX-9876,2020-07-28,2020-07-28,POS DR/IOCL FUEL PUMP/DELHI,POS975192,IOCL,5541,Transport,POS,1200.00,,278496.50
XXXX-XXXX-9876,2020-07-06,2020-07-06,POS DR/SWIGGY/FOOD ORDER,POS920304,Swiggy,5814,Dining,POS,750.00,,277746.50
XXXX-XXXX-9876,2020-07-29,2020-07-29,POS DR/SWIGGY/FOOD ORDER,POS601253,Swiggy,5814,Dining,POS,480.00,,277266.50
XXXX-XXXX-9876,2020-07-18,2020-07-18,UPI CR/***@oksbi/Refund,UPI287193,,,Refund,UPI,,2500.00,279766.50
XXXX-XXXX-9876,2020-07-10,2020-07-10,SI POS/NETFLIX.COM/Subscriptions,SI93341,,,Subscriptions,SI,649.00,,279117.50
XXXX-XXXX-9876,2020-07-11,2020-07-11,UPI DR/AIRTEL PREPAID/***@okaxis,UPI448669,,,Telecom,UPI,399.00,,278718.50
XXXX-XXXX-9876,2020-07-25,2020-07-25,UPI DR/OLA CABS/***@okicici,UPI856888,Ola,4121,Transport,UPI,540.00,,278178.50
XXXX-XXXX-9876,2020-07-27,2020-07-27,INT CR/SB INTEREST,INT62610,,,Interest,AUTO,,45.75,278224.25
XXXX-XXXX-9876,2020-08-01,2020-08-01,NEFT CR/Salary CREDIT/AUG 2020,NEFT2008S,Employer: TechNova Solutions,,Income,NEFT,,78000.00,356224.25
XXXX-XXXX-9876,2020-08-03,2020-08-03,IMPS DR/RENT/HOME OWNER,IMPS879461,,,Housing,IMPS,23000.00,,333224.25
XXXX-XXXX-9876,2020-08-07,2020-08-07,ELECTRICITY BILL/NDPL/ONLINE,EB21130,,,Utilities,NET,1750.00,,331474.25
XXXX-XXXX-9876,2020-08-08,2020-08-08,WATER BILL/DJB/ONLINE,WB32282,,,Utilities,NET,420.00,,331054.25
XXXX-XXXX-9876,2020-08-14,2020-08-14,CC Payment HDFC Regalia XXXX-4321,NACH258492,,,Debt Payment,NACH,11000.00,,320054.25
XXXX-XXXX-9876,2020-08-02,2020-08-02,POS DR/BIGBASKET/DELHI,POS587958,BigBasket,5411,Groceries,POS,1890.00,,318164.25
XXXX-XXXX-9876,2020-08-09,2020-08-09,POS DR/BIGBASKET/DELHI,POS741281,BigBasket,5411,Groceries,POS,1350.00,,316814.25
XXXX-XXXX-9876,2020-08-16,2020-08-16,POS DR/BIGBASKET/DELHI,POS597399,BigBasket,5411,Groceries,POS,1890.00,,314924.25
XXXX-XXXX-9876,2020-08-23,2020-08-23,POS DR/BIGBASKET/DELHI,POS263486,BigBasket,5411,Groceries,POS,1580.00,,313344.25
XXXX-XXXX-9876,2020-08-30,2020-08-30,POS DR/BIGBASKET/DELHI,POS674919,BigBasket,5411,Groceries,POS,1890.00,,311454.25
XXXX-XXXX-9876,2020-08-15,2020-08-15,POS DR/HPCL FUEL PUMP/DELHI,POS114934,HPCL,5541,Transport,POS,1200.00,,310254.25
XXXX-XXXX-9876,2020-08-28,2020-08-28,POS DR/BPCL FUEL PUMP/DELHI,POS652160,BPCL,5541,Transport,POS,1200.00,,309054.25
XXXX-XXXX-9876,2020-08-09,2020-08-09,POS DR/SWIGGY/FOOD ORDER,POS304268,Swiggy,5814,Dining,POS,750.00,,308304.25
XXXX-XXXX-9876,2020-08-31,2020-08-31,POS DR/SWIGGY/FOOD ORDER,POS129353,Swiggy,5814,Dining,POS,480.00,,307824.25
XXXX-XXXX-9876,2020-08-18,2020-08-18,UPI CR/***@oksbi/Refund,UPI364067,,,Refund,UPI,,1500.00,309324.25
XXXX-XXXX-9876,2020-08-10,2020-08-10,SI POS/NETFLIX.COM/Subscriptions,SI48399,,,Subscriptions,SI,649.00,,308675.25
XXXX-XXXX-9876,2020-08-11,2020-08-11,UPI DR/AIRTEL PREPAID/***@okaxis,UPI625506,,,Telecom,UPI,399.00,,308276.25
XXXX-XXXX-9876,2020-08-25,2020-08-25,UPI DR/OLA CABS/***@okicici,UPI371963,Ola,4121,Transport,UPI,540.00,,307736.25
XXXX-XXXX-9876,2020-08-27,2020-08-27,INT CR/SB INTEREST,INT27180,,,Interest,AUTO,,45.75,307782.00
XXXX-XXXX-9876,2020-09-01,2020-09-01,NEFT CR/Salary CREDIT/SEP 2020,NEFT2009S,Employer: TechNova Solutions,,Income,NEFT,,78000.00,385782.00
XXXX-XXXX-9876,2020-09-03,2020-09-03,IMPS DR/RENT/HOME OWNER,IMPS163863,,,Housing,IMPS,23000.00,,362782.00
XXXX-XXXX-9876,2020-09-07,2020-09-07,ELECTRICITY BILL/NDPL/ONLINE,EB56371,,,Utilities,NET,1950.00,,360832.00
XXXX-XXXX-9876,2020-09-08,2020-09-08,WATER BILL/DJB/ONLINE,WB96831,,,Utilities,NET,520.00,,360312.00
XXXX-XXXX-9876,2020-09-14,2020-09-14,CC Payment HDFC Regalia XXXX-4321,NACH657658,,,Debt Payment,NACH,13000.00,,347312.00
XXXX-XXXX-9876,2020-09-06,2020-09-06,POS DR/BIGBASKET/DELHI,POS648936,BigBasket,5411,Groceries,POS,1350.00,,345962.00
XXXX-XXXX-9876,2020-09-13,2020-09-13,POS DR/BIGBASKET/DELHI,POS119613,BigBasket,5411,Groceries,POS,1890.00,,344072.00
XXXX-XXXX-9876,2020-09-20,2020-09-20,POS DR/BIGBASKET/DELHI,POS914225,BigBasket,5411,Groceries,POS,1725.00,,342347.00
XXXX-XXXX-9876,2020-09-27,2020-09-27,POS DR/BIGBASKET/DELHI,POS738115,BigBasket,5411,Groceries,POS,1350.00,,340997.00
XXXX-XXXX-9876,2020-09-15,2020-09-15,POS DR/HPCL FUEL PUMP/DELHI,POS280718,HPCL,5541,Transport,POS,1500.00,,339497.00
XXXX-XXXX-9876,2020-09-28,2020-09-28,POS DR/HPCL FUEL PUMP/DELHI,POS749174,HPCL,5541,Transport,POS,2200.00,,337297.00
XXXX-XXXX-9876,2020-09-06,2020-09-06,POS DR/SWIGGY/FOOD ORDER,POS441817,Swiggy,5814,Dining,POS,350.00,,336947.00
XXXX-XXXX-9876,2020-09-24,2020-09-24,POS DR/SWIGGY/FOOD ORDER,POS656506,Swiggy,5814,Dining,POS,890.00,,336057.00
XXXX-XXXX-9876,2020-09-18,2020-09-18,UPI CR/***@oksbi/Refund,UPI682423,,,Refund,UPI,,2500.00,338557.00
XXXX-XXXX-9876,2020-09-10,2020-09-10,SI POS/NETFLIX.COM/Subscriptions,SI23907,,,Subscriptions,SI,649.00,,337908.00
XXXX-XXXX-9876,2020-09-11,2020-09-11,UPI DR/AIRTEL PREPAID/***@okaxis,UPI687513,,,Telecom,UPI,399.00,,337509.00
XXXX-XXXX-9876,2020-09-25,2020-09-25,POS DR/INDIGO AIRLINES/TICKET,POS144248,IndiGo,4511,Travel,POS,8200.00,,329309.00
XXXX-XXXX-9876,2020-09-27,2020-09-27,INT CR/SB INTEREST,INT76547,,,Interest,AUTO,,45.75,329354.75
XXXX-XXXX-9876,2020-10-01,2020-10-01,NEFT CR/Salary CREDIT/OCT 2020,NEFT2010S,Employer: TechNova Solutions,,Income,NEFT,,78000.00,407354.75
XXXX-XXXX-9876,2020-10-03,2020-10-03,IMPS DR/RENT/HOME OWNER,IMPS574140,,,Housing,IMPS,23000.00,,384354.75
XXXX-XXXX-9876,2020-10-07,2020-10-07,ELECTRICITY BILL/NDPL/ONLINE,EB83626,,,Utilities,NET,1600.00,,382754.75
XXXX-XXXX-9876,2020-10-08,2020-10-08,WATER BILL/DJB/ONLINE,WB18305,,,Utilities,NET,520.00,,382234.75
XXXX-XXXX-9876,2020-10-14,2020-10-14,CC Payment HDFC Regalia XXXX-4321,NACH742282,,,Debt Payment,NACH,15000.00,,367234.75
XXXX-XXXX-9876,2020-10-04,2020-10-04,POS DR/BIGBASKET/DELHI,POS735581,BigBasket,5411,Groceries,POS,1890.00,,365344.75
XXXX-XXXX-9876,2020-10-11,2020-10-11,POS DR/BIGBASKET/DELHI,POS309089,BigBasket,5411,Groceries,POS,1890.00,,363454.75
XXXX-XXXX-9876,2020-10-18,2020-10-18,POS DR/BIGBASKET/DELHI,POS574318,BigBasket,5411,Groceries,POS,1580.00,,361874.75
XXXX-XXXX-9876,2020-10-25,2020-10-25,POS DR/BIGBASKET/DELHI,POS659190,BigBasket,5411,Groceries,POS,1890.00,,359984.75
XXXX-XXXX-9876,2020-10-15,2020-10-15,POS DR/IOCL FUEL PUMP/DELHI,POS833183,IOCL,5541,Transport,POS,1500.00,,358484.75
XXXX-XXXX-9876,2020-10-28,2020-10-28,POS DR/BPCL FUEL PUMP/DELHI,POS686692,BPCL,5541,Transport,POS,1800.00,,356684.75
XXXX-XXXX-9876,2020-10-11,2020-10-11,POS DR/SWIGGY/FOOD ORDER,POS536875,Swiggy,5814,Dining,POS,480.00,,356204.75
XXXX-XXXX-9876,2020-10-21,2020-10-21,POS DR/SWIGGY/FOOD ORDER,POS511423,Swiggy,5814,Dining,POS,350.00,,355854.75
XXXX-XXXX-9876,2020-10-18,2020-10-18,UPI CR/***@oksbi/Refund,UPI563594,,,Refund,UPI,,2000.00,357854.75
XXXX-XXXX-9876,2020-10-10,2020-10-10,SI POS/NETFLIX.COM/Subscriptions,SI19508,,,Subscriptions,SI,649.00,,357205.75
XXXX-XXXX-9876,2020-10-11,2020-10-11,UPI DR/AIRTEL PREPAID/***@okaxis,UPI803757,,,Telecom,UPI,399.00,,356806.75
XXXX-XXXX-9876,2020-10-25,2020-10-25,POS DR/INDIGO AIRLINES/TICKET,POS801992,IndiGo,4511,Travel,POS,8200.00,,348606.75
XXXX-XXXX-9876,2020-10-27,2020-10-27,INT CR/SB INTEREST,INT26036,,,Interest,AUTO,,45.75,348652.50
XXXX-XXXX-9876,2020-11-01,2020-11-01,NEFT CR/Salary CREDIT/NOV 2020,NEFT2011S,Employer: TechNova Solutions,,Income,NEFT,,81120.00,429772.50
XXXX-XXXX-9876,2020-11-03,2020-11-03,IMPS DR/RENT/HOME OWNER,IMPS914672,,,Housing,IMPS,23000.00,,406772.50
XXXX-XXXX-9876,2020-11-07,2020-11-07,ELECTRICITY BILL/NDPL/ONLINE,EB30243,,,Utilities,NET,1850.00,,404922.50
XXXX-XXXX-9876,2020-11-08,2020-11-08,WATER BILL/DJB/ONLINE,WB28740,,,Utilities,NET,480.00,,404442.50
XXXX-XXXX-9876,2020-11-14,2020-11-14,CC Payment HDFC Regalia XXXX-4321,NACH590456,,,Debt Payment,NACH,13000.00,,391442.50
XXXX-XXXX-9876,2020-11-15,2020-11-15,POS DR/BIGBASKET/DELHI,POS882952,BigBasket,5411,Groceries,POS,1350.00,,390092.50
XXXX-XXXX-9876,2020-11-22,2020-11-22,POS DR/BIGBASKET/DELHI,POS517602,BigBasket,5411,Groceries,POS,1100.00,,388992.50
XXXX-XXXX-9876,2020-11-29,2020-11-29,POS DR/BIGBASKET/DELHI,POS270703,BigBasket,5411,Groceries,POS,1725.00,,387267.50
XXXX-XXXX-9876,2020-11-15,2020-11-15,POS DR/BPCL FUEL PUMP/DELHI,POS269309,BPCL,5541,Transport,POS,1500.00,,385767.50
XXXX-XXXX-9876,2020-11-28,2020-11-28,POS DR/BPCL FUEL PUMP/DELHI,POS640651,BPCL,5541,Transport,POS,2200.00,,383567.50
XXXX-XXXX-9876,2020-11-17,2020-11-17,POS DR/SWIGGY/FOOD ORDER,POS305253,Swiggy,5814,Dining,POS,750.00,,382817.50
XXXX-XXXX-9876,2020-11-19,2020-11-19,POS DR/SWIGGY/FOOD ORDER,POS433998,Swiggy,5814,Dining,POS,620.00,,382197.50
XXXX-XXXX-9876,2020-11-18,2020-11-18,UPI CR/***@oksbi/Refund,UPI196672,,,Refund,UPI,,2000.00,384197.50
XXXX-XXXX-9876,2020-11-10,2020-11-10,SI POS/NETFLIX.COM/Subscriptions,SI12553,,,Subscriptions,SI,649.00,,383548.50
XXXX-XXXX-9876,2020-11-11,2020-11-11,UPI DR/AIRTEL PREPAID/***@okaxis,UPI454397,,,Telecom,UPI,399.00,,383149.50
XXXX-XXXX-9876,2020-11-27,2020-11-27,INT CR/SB INTEREST,INT12370,,,Interest,AUTO,,45.75,383195.25
XXXX-XXXX-9876,2020-12-01,2020-12-01,NEFT CR/Salary CREDIT/DEC 2020,NEFT2012S,Employer: TechNova Solutions,,Income,NEFT,,81120.00,464315.25
XXXX-XXXX-9876,2020-12-03,2020-12-03,IMPS DR/RENT/HOME OWNER,IMPS503014,,,Housing,IMPS,23000.00,,441315.25
XXXX-XXXX-9876,2020-12-07,2020-12-07,ELECTRICITY BILL/NDPL/ONLINE,EB53450,,,Utilities,NET,1850.00,,439465.25
XXXX-XXXX-9876,2020-12-08,2020-12-08,WATER BILL/DJB/ONLINE,WB77143,,,Utilities,NET,350.00,,439115.25
XXXX-XXXX-9876,2020-12-14,2020-12-14,CC Payment HDFC Regalia XXXX-4321,NACH926658,,,Debt Payment,NACH,11000.00,,428115.25
XXXX-XXXX-9876,2020-12-06,2020-12-06,POS DR/BIGBASKET/DELHI,POS209869,BigBasket,5411,Groceries,POS,1350.00,,426765.25
XXXX-XXXX-9876,2020-12-13,2020-12-13,POS DR/BIGBASKET/DELHI,POS378464,BigBasket,5411,Groceries,POS,1100.00,,425665.25
XXXX-XXXX-9876,2020-12-20,2020-12-20,POS DR/BIGBASKET/DELHI,POS141511,BigBasket,5411,Groceries,POS,1580.00,,424085.25
XXXX-XXXX-9876,2020-12-27,2020-12-27,POS DR/BIGBASKET/DELHI,POS383583,BigBasket,5411,Groceries,POS,1350.00,,422735.25
XXXX-XXXX-9876,2020-12-15,2020-12-15,POS DR/HPCL FUEL PUMP/DELHI,POS990857,HPCL,5541,Transport,POS,2200.00,,420535.25
XXXX-XXXX-9876,2020-12-28,2020-12-28,POS DR/BPCL FUEL PUMP/DELHI,POS525667,BPCL,5541,Transport,POS,1800.00,,418735.25
XXXX-XXXX-9876,2020-12-09,2020-12-09,POS DR/SWIGGY/FOOD ORDER,POS698312,Swiggy,5814,Dining,POS,890.00,,417845.25
XXXX-XXXX-9876,2020-12-24,2020-12-24,POS DR/SWIGGY/FOOD ORDER,POS834440,Swiggy,5814,Dining,POS,750.00,,417095.25
XXXX-XXXX-9876,2020-12-18,2020-12-18,UPI CR/***@oksbi/Refund,UPI442935,,,Refund,UPI,,1000.00,418095.25
XXXX-XXXX-9876,2020-12-10,2020-12-10,SI POS/NETFLIX.COM/Subscriptions,SI46577,,,Subscriptions,SI,649.00,,417446.25
XXXX-XXXX-9876,2020-12-11,2020-12-11,UPI DR/AIRTEL PREPAID/***@okaxis,UPI160320,,,Telecom,UPI,399.00,,417047.25
XXXX-XXXX-9876,2020-12-27,2020-12-27,BANK CHARGES/CONSOLIDATED,BNK19491,,,Bank Charges,NET,29.50,,417017.75
XXXX-XXXX-9876,2021-01-01,2021-01-01,NEFT CR/Salary CREDIT/JAN 2021,NEFT2101S,Employer: TechNova Solutions,,Income,NEFT,,81120.00,498137.75
XXXX-XXXX-9876,2021-01-03,2021-01-03,IMPS DR/RENT/HOME OWNER,IMPS381986,,,Housing,IMPS,23000.00,,475137.75
XXXX-XXXX-9876,2021-01-07,2021-01-07,ELECTRICITY BILL/NDPL/ONLINE,EB12206,,,Utilities,NET,1600.00,,473537.75
XXXX-XXXX-9876,2021-01-08,2021-01-08,WATER BILL/DJB/ONLINE,WB44151,,,Utilities,NET,350.00,,473187.75
XXXX-XXXX-9876,2021-01-14,2021-01-14,CC Payment HDFC Regalia XXXX-4321,NACH169858,,,Debt Payment,NACH,13000.00,,460187.75
XXXX-XXXX-9876,2021-01-10,2021-01-10,POS DR/BIGBASKET/DELHI,POS227588,BigBasket,5411,Groceries,POS,1580.00,,458607.75
XXXX-XXXX-9876,2021-01-17,2021-01-17,POS DR/BIGBASKET/DELHI,POS112107,BigBasket,5411,Groceries,POS,1725.00,,456882.75
XXXX-XXXX-9876,2021-01-24,2021-01-24,POS DR/BIGBASKET/DELHI,POS679929,BigBasket,5411,Groceries,POS,1580.00,,455302.75
XXXX-XXXX-9876,2021-01-31,2021-01-31,POS DR/BIGBASKET/DELHI,POS380871,BigBasket,5411,Groceries,POS,1725.00,,453577.75
XXXX-XXXX-9876,2021-01-15,2021-01-15,POS DR/BPCL FUEL PUMP/DELHI,POS145304,BPCL,5541,Transport,POS,1500.00,,452077.75
XXXX-XXXX-9876,2021-01-28,2021-01-28,POS DR/BPCL FUEL PUMP/DELHI,POS214768,BPCL,5541,Transport,POS,1500.00,,450577.75
XXXX-XXXX-9876,2021-01-10,2021-01-10,POS DR/SWIGGY/FOOD ORDER,POS289945,Swiggy,5814,Dining,POS,350.00,,450227.75
XXXX-XXXX-9876,2021-01-13,2021-01-13,POS DR/SWIGGY/FOOD ORDER,POS427147,Swiggy,5814,Dining,POS,480.00,,449747.75
XXXX-XXXX-9876,2021-01-18,2021-01-18,UPI CR/***@oksbi/Refund,UPI759209,,,Refund,UPI,,2000.00,451747.75
XXXX-XXXX-9876,2021-01-10,2021-01-10,SI POS/NETFLIX.COM/Subscriptions,SI79610,,,Subscriptions,SI,649.00,,451098.75
XXXX-XXXX-9876,2021-01-11,2021-01-11,UPI DR/AIRTEL PREPAID/***@okaxis,UPI896391,,,Telecom,UPI,399.00,,450699.75
XXXX-XXXX-9876,2021-01-25,2021-01-25,POS DR/INDIGO AIRLINES/TICKET,POS804807,IndiGo,4511,Travel,POS,8200.00,,442499.75
XXXX-XXXX-9876,2021-01-27,2021-01-27,BANK CHARGES/CONSOLIDATED,BNK55482,,,Bank Charges,NET,29.50,,442470.25
XXXX-XXXX-9876,2021-02-01,2021-02-01,NEFT CR/Salary CREDIT/FEB 2021,NEFT2102S,Employer: TechNova Solutions,,Income,NEFT,,81120.00,523590.25
XXXX-XXXX-9876,2021-02-03,2021-02-03,IMPS DR/RENT/HOME OWNER,IMPS942718,,,Housing,IMPS,23000.00,,500590.25
XXXX-XXXX-9876,2021-02-07,2021-02-07,ELECTRICITY BILL/NDPL/ONLINE,EB12380,,,Utilities,NET,1850.00,,498740.25
XXXX-XXXX-9876,2021-02-08,2021-02-08,WATER BILL/DJB/ONLINE,WB14843,,,Utilities,NET,350.00,,498390.25
XXXX-XXXX-9876,2021-02-14,2021-02-14,CC Payment HDFC Regalia XXXX-4321,NACH868690,,,Debt Payment,NACH,11000.00,,487390.25
XXXX-XXXX-9876,2021-02-21,2021-02-21,POS DR/BIGBASKET/DELHI,POS677816,BigBasket,5411,Groceries,POS,1890.00,,485500.25
XXXX-XXXX-9876,2021-02-28,2021-02-28,POS DR/BIGBASKET/DELHI,POS639214,BigBasket,5411,Groceries,POS,1350.00,,484150.25
XXXX-XXXX-9876,2021-02-15,2021-02-15,POS DR/IOCL FUEL PUMP/DELHI,POS568771,IOCL,5541,Transport,POS,1500.00,,482650.25
XXXX-XXXX-9876,2021-02-28,2021-02-28,POS DR/HPCL FUEL PUMP/DELHI,POS788400,HPCL,5541,Transport,POS,2200.00,,480450.25
XXXX-XXXX-9876,2021-02-22,2021-02-22,POS DR/SWIGGY/FOOD ORDER,POS631298,Swiggy,5814,Dining,POS,750.00,,479700.25
XXXX-XXXX-9876,2021-02-24,2021-02-24,POS DR/SWIGGY/FOOD ORDER,POS821149,Swiggy,5814,Dining,POS,620.00,,479080.25
XXXX-XXXX-9876,2021-02-18,2021-02-18,UPI CR/***@oksbi/Refund,UPI325633,,,Refund,UPI,,1500.00,480580.25
XXXX-XXXX-9876,2021-02-10,2021-02-10,SI POS/NETFLIX.COM/Subscriptions,SI54918,,,Subscriptions,SI,649.00,,479931.25
XXXX-XXXX-9876,2021-02-11,2021-02-11,UPI DR/AIRTEL PREPAID/***@okaxis,UPI308272,,,Telecom,UPI,399.00,,479532.25
XXXX-XXXX-9876,2021-02-27,2021-02-27,INT CR/SB INTEREST,INT93358,,,Interest,AUTO,,45.75,479578.00
XXXX-XXXX-9876,2021-03-01,2021-03-01,NEFT CR/Salary CREDIT/MAR 2021,NEFT2103S,Employer: TechNova Solutions,,Income,NEFT,,81120.00,560698.00
XXXX-XXXX-9876,2021-03-03,2021-03-03,IMPS DR/RENT/HOME OWNER,IMPS246505,,,Housing,IMPS,23000.00,,537698.00
XXXX-XXXX-9876,2021-03-07,2021-03-07,ELECTRICITY BILL/NDPL/ONLINE,EB63044,,,Utilities,NET,1850.00,,535848.00
XXXX-XXXX-9876,2021-03-08,2021-03-08,WATER BILL/DJB/ONLINE,WB17128,,,Utilities,NET,420.00,,535428.00
XXXX-XXXX-9876,2021-03-14,2021-03-14,CC Payment HDFC Regalia XXXX-4321,NACH174158,,,Debt Payment,NACH,11000.00,,524428.00
XXXX-XXXX-9876,2021-03-21,2021-03-21,POS DR/BIGBASKET/DELHI,POS551664,BigBasket,5411,Groceries,POS,1580.00,,522848.00
XXXX-XXXX-9876,2021-03-28,2021-03-28,POS DR/BIGBASKET/DELHI,POS158092,BigBasket,5411,Groceries,POS,1350.00,,521498.00
XXXX-XXXX-9876,2021-03-15,2021-03-15,POS DR/HPCL FUEL PUMP/DELHI,POS630519,HPCL,5541,Transport,POS,2200.00,,519298.00
XXXX-XXXX-9876,2021-03-28,2021-03-28,POS DR/BPCL FUEL PUMP/DELHI,POS727864,BPCL,5541,Transport,POS,1800.00,,517498.00
XXXX-XXXX-9876,2021-03-12,2021-03-12,POS DR/SWIGGY/FOOD ORDER,POS147434,Swiggy,5814,Dining,POS,620.00,,516878.00
XXXX-XXXX-9876,2021-03-30,2021-03-30,POS DR/SWIGGY/FOOD ORDER,POS294355,Swiggy,5814,Dining,POS,750.00,,516128.00
XXXX-XXXX-9876,2021-03-18,2021-03-18,UPI CR/***@oksbi/Refund,UPI265185,,,Refund,UPI,,2000.00,518128.00
XXXX-XXXX-9876,2021-03-10,2021-03-10,SI POS/NETFLIX.COM/Subscriptions,SI68435,,,Subscriptions,SI,649.00,,517479.00
XXXX-XXXX-9876,2021-03-11,2021-03-11,UPI DR/AIRTEL PREPAID/***@okaxis,UPI103798,,,Telecom,UPI,399.00,,517080.00
XXXX-XXXX-9876,2021-03-25,2021-03-25,UPI DR/OLA CABS/***@okicici,UPI673648,Ola,4121,Transport,UPI,540.00,,516540.00
XXXX-XXXX-9876,2021-03-27,2021-03-27,INT CR/SB INTEREST,INT14515,,,Interest,AUTO,,45.75,516585.75
XXXX-XXXX-9876,2021-04-01,2021-04-01,NEFT CR/Salary CREDIT/APR 2021,NEFT2104S,Employer: TechNova Solutions,,Income,NEFT,,81120.00,597705.75
XXXX-XXXX-9876,2021-04-03,2021-04-03,IMPS DR/RENT/HOME OWNER,IMPS424584,,,Housing,IMPS,23000.00,,574705.75
XXXX-XXXX-9876,2021-04-07,2021-04-07,ELECTRICITY BILL/NDPL/ONLINE,EB38556,,,Utilities,NET,1850.00,,572855.75
XXXX-XXXX-9876,2021-04-08,2021-04-08,WATER BILL/DJB/ONLINE,WB33980,,,Utilities,NET,350.00,,572505.75
XXXX-XXXX-9876,2021-04-14,2021-04-14,CC Payment HDFC Regalia XXXX-4321,NACH500164,,,Debt Payment,NACH,15000.00,,557505.75
XXXX-XXXX-9876,2021-04-04,2021-04-04,POS DR/BIGBASKET/DELHI,POS597699,BigBasket,5411,Groceries,POS,1100.00,,556405.75
XXXX-XXXX-9876,2021-04-11,2021-04-11,POS DR/BIGBASKET/DELHI,POS627186,BigBasket,5411,Groceries,POS,1580.00,,554825.75
XXXX-XXXX-9876,2021-04-18,2021-04-18,POS DR/BIGBASKET/DELHI,POS360234,BigBasket,5411,Groceries,POS,1350.00,,553475.75
XXXX-XXXX-9876,2021-04-25,2021-04-25,POS DR/BIGBASKET/DELHI,POS913944,BigBasket,5411,Groceries,POS,1890.00,,551585.75
XXXX-XXXX-9876,2021-04-15,2021-04-15,POS DR/HPCL FUEL PUMP/DELHI,POS377000,HPCL,5541,Transport,POS,1200.00,,550385.75
XXXX-XXXX-9876,2021-04-28,2021-04-28,POS DR/HPCL FUEL PUMP/DELHI,POS518917,HPCL,5541,Transport,POS,1500.00,,548885.75
XXXX-XXXX-9876,2021-04-04,2021-04-04,POS DR/SWIGGY/FOOD ORDER,POS123586,Swiggy,5814,Dining,POS,750.00,,548135.75
XXXX-XXXX-9876,2021-04-25,2021-04-25,POS DR/SWIGGY/FOOD ORDER,POS419023,Swiggy,5814,Dining,POS,620.00,,547515.75
XXXX-XXXX-9876,2021-04-18,2021-04-18,UPI CR/***@oksbi/Refund,UPI760256,,,Refund,UPI,,1500.00,549015.75
XXXX-XXXX-9876,2021-04-10,2021-04-10,SI POS/NETFLIX.COM/Subscriptions,SI21073,,,Subscriptions,SI,649.00,,548366.75
XXXX-XXXX-9876,2021-04-11,2021-04-11,UPI DR/AIRTEL PREPAID/***@okaxis,UPI714028,,,Telecom,UPI,399.00,,547967.75
XXXX-XXXX-9876,2021-04-27,2021-04-27,INT CR/SB INTEREST,INT30349,,,Interest,AUTO,,45.75,548013.50
XXXX-XXXX-9876,2021-05-01,2021-05-01,NEFT CR/Salary CREDIT/MAY 2021,NEFT2105S,Employer: TechNova Solutions,,Income,NEFT,,81120.00,629133.50
XXXX-XXXX-9876,2021-05-03,2021-05-03,IMPS DR/RENT/HOME OWNER,IMPS789484,,,Housing,IMPS,23000.00,,606133.50
XXXX-XXXX-9876,2021-05-07,2021-05-07,ELECTRICITY BILL/NDPL/ONLINE,EB88192,,,Utilities,NET,1950.00,,604183.50
XXXX-XXXX-9876,2021-05-08,2021-05-08,WATER BILL/DJB/ONLINE,WB52747,,,Utilities,NET,520.00,,603663.50
XXXX-XXXX-9876,2021-05-14,2021-05-14,CC Payment HDFC Regalia XXXX-4321,NACH397980,,,Debt Payment,NACH,13000.00,,590663.50
XXXX-XXXX-9876,2021-05-02,2021-05-02,POS DR/BIGBASKET/DELHI,POS774464,BigBasket,5411,Groceries,POS,1890.00,,588773.50
XXXX-XXXX-9876,2021-05-09,2021-05-09,POS DR/BIGBASKET/DELHI,POS145915,BigBasket,5411,Groceries,POS,1350.00,,587423.50
XXXX-XXXX-9876,2021-05-16,2021-05-16,POS DR/BIGBASKET/DELHI,POS757805,BigBasket,5411,Groceries,POS,1890.00,,585533.50
XXXX-XXXX-9876,2021-05-23,2021-05-23,POS DR/BIGBASKET/DELHI,POS869499,BigBasket,5411,Groceries,POS,1725.00,,583808.50
XXXX-XXXX-9876,2021-05-30,2021-05-30,POS DR/BIGBASKET/DELHI,POS246074,BigBasket,5411,Groceries,POS,1890.00,,581918.50
XXXX-XXXX-9876,2021-05-15,2021-05-15,POS DR/BPCL FUEL PUMP/DELHI,POS966552,BPCL,5541,Transport,POS,1200.00,,580718.50
XXXX-XXXX-9876,2021-05-28,2021-05-28,POS DR/BPCL FUEL PUMP/DELHI,POS189225,BPCL,5541,Transport,POS,1500.00,,579218.50
XXXX-XXXX-9876,2021-05-02,2021-05-02,POS DR/SWIGGY/FOOD ORDER,POS768068,Swiggy,5814,Dining,POS,480.00,,578738.50
XXXX-XXXX-9876,2021-05-04,2021-05-04,POS DR/SWIGGY/FOOD ORDER,POS210012,Swiggy,5814,Dining,POS,620.00,,578118.50
XXXX-XXXX-9876,2021-05-18,2021-05-18,UPI CR/***@oksbi/Refund,UPI494912,,,Refund,UPI,,2500.00,580618.50
XXXX-XXXX-9876,2021-05-10,2021-05-10,SI POS/NETFLIX.COM/Subscriptions,SI83207,,,Subscriptions,SI,649.00,,579969.50
XXXX-XXXX-9876,2021-05-11,2021-05-11,UPI DR/AIRTEL PREPAID/***@okaxis,UPI153247,,,Telecom,UPI,399.00,,579570.50
XXXX-XXXX-9876,2021-05-27,2021-05-27,INT CR/SB INTEREST,INT99216,,,Interest,AUTO,,45.75,579616.25
XXXX-XXXX-9876,2021-06-01,2021-06-01,NEFT CR/Salary CREDIT/JUN 2021,NEFT2106S,Employer: TechNova Solutions,,Income,NEFT,,81120.00,660736.25
XXXX-XXXX-9876,2021-06-03,2021-06-03,IMPS DR/RENT/HOME OWNER,IMPS356439,,,Housing,IMPS,23000.00,,637736.25
XXXX-XXXX-9876,2021-06-07,2021-06-07,ELECTRICITY BILL/NDPL/ONLINE,EB74132,,,Utilities,NET,1850.00,,635886.25
XXXX-XXXX-9876,2021-06-08,2021-06-08,WATER BILL/DJB/ONLINE,WB10434,,,Utilities,NET,520.00,,635366.25
XXXX-XXXX-9876,2021-06-14,2021-06-14,CC Payment HDFC Regalia XXXX-4321,NACH884613,,,Debt Payment,NACH,11000.00,,624366.25
XXXX-XXXX-9876,2021-06-06,2021-06-06,POS DR/BIGBASKET/DELHI,POS661197,BigBasket,5411,Groceries,POS,1890.00,,622476.25
XXXX-XXXX-9876,2021-06-13,2021-06-13,POS DR/BIGBASKET/DELHI,POS791325,BigBasket,5411,Groceries,POS,1100.00,,621376.25
XXXX-XXXX-9876,2021-06-20,2021-06-20,POS DR/BIGBASKET/DELHI,POS169258,BigBasket,5411,Groceries,POS,1890.00,,619486.25
XXXX-XXXX-9876,2021-06-27,2021-06-27,POS DR/BIGBASKET/DELHI,POS364444,BigBasket,5411,Groceries,POS,1725.00,,617761.25
XXXX-XXXX-9876,2021-06-15,2021-06-15,POS DR/HPCL FUEL PUMP/DELHI,POS346190,HPCL,5541,Transport,POS,1800.00,,615961.25
XXXX-XXXX-9876,2021-06-28,2021-06-28,POS DR/BPCL FUEL PUMP/DELHI,POS341944,BPCL,5541,Transport,POS,1500.00,,614461.25
XXXX-XXXX-9876,2021-06-21,2021-06-21,POS DR/SWIGGY/FOOD ORDER,POS986603,Swiggy,5814,Dining,POS,750.00,,613711.25
XXXX-XXXX-9876,2021-06-27,2021-06-27,POS DR/SWIGGY/FOOD ORDER,POS180467,Swiggy,5814,Dining,POS,750.00,,612961.25
XXXX-XXXX-9876,2021-06-18,2021-06-18,UPI CR/***@oksbi/Refund,UPI602278,,,Refund,UPI,,2000.00,614961.25
XXXX-XXXX-9876,2021-06-10,2021-06-10,SI POS/NETFLIX.COM/Subscriptions,SI16127,,,Subscriptions,SI,649.00,,614312.25
XXXX-XXXX-9876,2021-06-11,2021-06-11,UPI DR/AIRTEL PREPAID/***@okaxis,UPI746944,,,Telecom,UPI,399.00,,613913.25
XXXX-XXXX-9876,2021-06-27,2021-06-27,BANK CHARGES/CONSOLIDATED,BNK88604,,,Bank Charges,NET,29.50,,613883.75
XXXX-XXXX-9876,2021-07-01,2021-07-01,NEFT CR/Salary CREDIT/JUL 2021,NEFT2107S,Employer: TechNova Solutions,,Income,NEFT,,81120.00,695003.75
XXXX-XXXX-9876,2021-07-03,2021-07-03,IMPS DR/RENT/HOME OWNER,IMPS254586,,,Housing,IMPS,23000.00,,672003.75
XXXX-XXXX-9876,2021-07-07,2021-07-07,ELECTRICITY BILL/NDPL/ONLINE,EB53486,,,Utilities,NET,1850.00,,670153.75
XXXX-XXXX-9876,2021-07-08,2021-07-08,WATER BILL/DJB/ONLINE,WB95397,,,Utilities,NET,480.00,,669673.75
XXXX-XXXX-9876,2021-07-14,2021-07-14,CC Payment HDFC Regalia XXXX-4321,NACH113074,,,Debt Payment,NACH,13000.00,,656673.75
XXXX-XXXX-9876,2021-07-04,2021-07-04,POS DR/BIGBASKET/DELHI,POS163607,BigBasket,5411,Groceries,POS,1725.00,,654948.75
XXXX-XXXX-9876,2021-07-11,2021-07-11,POS DR/BIGBASKET/DELHI,POS381828,BigBasket,5411,Groceries,POS,1725.00,,653223.75
XXXX-XXXX-9876,2021-07-18,2021-07-18,POS DR/BIGBASKET/DELHI,POS825808,BigBasket,5411,Groceries,POS,1100.00,,652123.75
XXXX-XXXX-9876,2021-07-25,2021-07-25,POS DR/BIGBASKET/DELHI,POS808530,BigBasket,5411,Groceries,POS,1350.00,,650773.75
XXXX-XXXX-9876,2021-07-15,2021-07-15,POS DR/IOCL FUEL PUMP/DELHI,POS843305,IOCL,5541,Transport,POS,1800.00,,648973.75
XXXX-XXXX-9876,2021-07-28,2021-07-28,POS DR/BPCL FUEL PUMP/DELHI,POS587234,BPCL,5541,Transport,POS,1800.00,,647173.75
XXXX-XXXX-9876,2021-07-06,2021-07-06,POS DR/SWIGGY/FOOD ORDER,POS308928,Swiggy,5814,Dining,POS,890.00,,646283.75
XXXX-XXXX-9876,2021-07-21,2021-07-21,POS DR/SWIGGY/FOOD ORDER,POS190024,Swiggy,5814,Dining,POS,620.00,,645663.75
XXXX-XXXX-9876,2021-07-18,2021-07-18,UPI CR/***@oksbi/Refund,UPI595918,,,Refund,UPI,,1000.00,646663.75
XXXX-XXXX-9876,2021-07-10,2021-07-10,SI POS/NETFLIX.COM/Subscriptions,SI47956,,,Subscriptions,SI,649.00,,646014.75
XXXX-XXXX-9876,2021-07-11,2021-07-11,UPI DR/AIRTEL PREPAID/***@okaxis,UPI581265,,,Telecom,UPI,399.00,,645615.75
XXXX-XXXX-9876,2021-07-25,2021-07-25,UPI DR/OLA CABS/***@okicici,UPI571283,Ola,4121,Transport,UPI,540.00,,645075.75
XXXX-XXXX-9876,2021-07-27,2021-07-27,INT CR/SB INTEREST,INT60704,,,Interest,AUTO,,45.75,645121.50
XXXX-XXXX-9876,2021-08-01,2021-08-01,NEFT CR/Salary CREDIT/AUG 2021,NEFT2108S,Employer: TechNova Solutions,,Income,NEFT,,81120.00,726241.50
XXXX-XXXX-9876,2021-08-03,2021-08-03,IMPS DR/RENT/HOME OWNER,IMPS320030,,,Housing,IMPS,23000.00,,703241.50
XXXX-XXXX-9876,2021-08-07,2021-08-07,ELECTRICITY BILL/NDPL/ONLINE,EB37618,,,Utilities,NET,1600.00,,701641.50
XXXX-XXXX-9876,2021-08-08,2021-08-08,WATER BILL/DJB/ONLINE,WB86214,,,Utilities,NET,350.00,,701291.50
XXXX-XXXX-9876,2021-08-14,2021-08-14,CC Payment HDFC Regalia XXXX-4321,NACH883796,,,Debt Payment,NACH,13000.00,,688291.50
XXXX-XXXX-9876,2021-08-15,2021-08-15,POS DR/BIGBASKET/DELHI,POS374526,BigBasket,5411,Groceries,POS,1890.00,,686401.50
XXXX-XXXX-9876,2021-08-22,2021-08-22,POS DR/BIGBASKET/DELHI,POS239046,BigBasket,5411,Groceries,POS,1580.00,,684821.50
XXXX-XXXX-9876,2021-08-29,2021-08-29,POS DR/BIGBASKET/DELHI,POS960059,BigBasket,5411,Groceries,POS,1890.00,,682931.50
XXXX-XXXX-9876,2021-08-15,2021-08-15,POS DR/BPCL FUEL PUMP/DELHI,POS218150,BPCL,5541,Transport,POS,1800.00,,681131.50
XXXX-XXXX-9876,2021-08-28,2021-08-28,POS DR/BPCL FUEL PUMP/DELHI,POS342623,BPCL,5541,Transport,POS,1800.00,,679331.50
XXXX-XXXX-9876,2021-08-19,2021-08-19,POS DR/SWIGGY/FOOD ORDER,POS266792,Swiggy,5814,Dining,POS,350.00,,678981.50
XXXX-XXXX-9876,2021-08-22,2021-08-22,POS DR/SWIGGY/FOOD ORDER,POS615580,Swiggy,5814,Dining,POS,350.00,,678631.50
XXXX-XXXX-9876,2021-08-18,2021-08-18,UPI CR/***@oksbi/Refund,UPI814696,,,Refund,UPI,,2500.00,681131.50
XXXX-XXXX-9876,2021-08-10,2021-08-10,SI POS/NETFLIX.COM/Subscriptions,SI63139,,,Subscriptions,SI,649.00,,680482.50
XXXX-XXXX-9876,2021-08-11,2021-08-11,UPI DR/AIRTEL PREPAID/***@okaxis,UPI416618,,,Telecom,UPI,399.00,,680083.50
XXXX-XXXX-9876,2021-08-27,2021-08-27,INT CR/SB INTEREST,INT59296,,,Interest,AUTO,,45.75,680129.25
XXXX-XXXX-9876,2021-09-01,2021-09-01,NEFT CR/Salary CREDIT/SEP 2021,NEFT2109S,Employer: TechNova Solutions,,Income,NEFT,,81120.00,761249.25
XXXX-XXXX-9876,2021-09-03,2021-09-03,IMPS DR/RENT/HOME OWNER,IMPS431431,,,Housing,IMPS,23000.00,,738249.25
XXXX-XXXX-9876,2021-09-07,2021-09-07,ELECTRICITY BILL/NDPL/ONLINE,EB25847,,,Utilities,NET,1850.00,,736399.25
XXXX-XXXX-9876,2021-09-08,2021-09-08,WATER BILL/DJB/ONLINE,WB10228,,,Utilities,NET,480.00,,735919.25
XXXX-XXXX-9876,2021-09-14,2021-09-14,CC Payment HDFC Regalia XXXX-4321,NACH979871,,,Debt Payment,NACH,15000.00,,720919.25
XXXX-XXXX-9876,2021-09-05,2021-09-05,POS DR/BIGBASKET/DELHI,POS225872,BigBasket,5411,Groceries,POS,1725.00,,719194.25
XXXX-XXXX-9876,2021-09-12,2021-09-12,POS DR/BIGBASKET/DELHI,POS847659,BigBasket,5411,Groceries,POS,1350.00,,717844.25
XXXX-XXXX-9876,2021-09-19,2021-09-19,POS DR/BIGBASKET/DELHI,POS875849,BigBasket,5411,Groceries,POS,1100.00,,716744.25
XXXX-XXXX-9876,2021-09-26,2021-09-26,POS DR/BIGBASKET/DELHI,POS365512,BigBasket,5411,Groceries,POS,1580.00,,715164.25
XXXX-XXXX-9876,2021-09-15,2021-09-15,POS DR/IOCL FUEL PUMP/DELHI,POS511984,IOCL,5541,Transport,POS,1200.00,,713964.25
XXXX-XXXX-9876,2021-09-28,2021-09-28,POS DR/IOCL FUEL PUMP/DELHI,POS478231,IOCL,5541,Transport,POS,1200.00,,712764.25
XXXX-XXXX-9876,2021-09-13,2021-09-13,POS DR/SWIGGY/FOOD ORDER,POS394269,Swiggy,5814,Dining,POS,350.00,,712414.25
XXXX-XXXX-9876,2021-09-20,2021-09-20,POS DR/SWIGGY/FOOD ORDER,POS154124,Swiggy,5814,Dining,POS,350.00,,712064.25
XXXX-XXXX-9876,2021-09-18,2021-09-18,UPI CR/***@oksbi/Refund,UPI975221,,,Refund,UPI,,2000.00,714064.25
XXXX-XXXX-9876,2021-09-10,2021-09-10,SI POS/NETFLIX.COM/Subscriptions,SI93225,,,Subscriptions,SI,649.00,,713415.25
XXXX-XXXX-9876,2021-09-11,2021-09-11,UPI DR/AIRTEL PREPAID/***@okaxis,UPI256148,,,Telecom,UPI,399.00,,713016.25
XXXX-XXXX-9876,2021-09-25,2021-09-25,POS DR/INDIGO AIRLINES/TICKET,POS635783,IndiGo,4511,Travel,POS,8200.00,,704816.25
XXXX-XXXX-9876,2021-09-27,2021-09-27,INT CR/SB INTEREST,INT58935,,,Interest,AUTO,,45.75,704862.00
XXXX-XXXX-9876,2021-10-01,2021-10-01,NEFT CR/Salary CREDIT/OCT 2021,NEFT2110S,Employer: TechNova Solutions,,Income,NEFT,,81120.00,785982.00
XXXX-XXXX-9876,2021-10-03,2021-10-03,IMPS DR/RENT/HOME OWNER,IMPS923281,,,Housing,IMPS,23000.00,,762982.00
XXXX-XXXX-9876,2021-10-07,2021-10-07,ELECTRICITY BILL/NDPL/ONLINE,EB66065,,,Utilities,NET,1600.00,,761382.00
XXXX-XXXX-9876,2021-10-08,2021-10-08,WATER BILL/DJB/ONLINE,WB92692,,,Utilities,NET,520.00,,760862.00
XXXX-XXXX-9876,2021-10-14,2021-10-14,CC Payment HDFC Regalia XXXX-4321,NACH854526,,,Debt Payment,NACH,13000.00,,747862.00
XXXX-XXXX-9876,2021-10-10,2021-10-10,POS DR/BIGBASKET/DELHI,POS151879,BigBasket,5411,Groceries,POS,1100.00,,746762.00
XXXX-XXXX-9876,2021-10-17,2021-10-17,POS DR/BIGBASKET/DELHI,POS572761,BigBasket,5411,Groceries,POS,1725.00,,745037.00
XXXX-XXXX-9876,2021-10-24,2021-10-24,POS DR/BIGBASKET/DELHI,POS889229,BigBasket,5411,Groceries,POS,1890.00,,743147.00
XXXX-XXXX-9876,2021-10-31,2021-10-31,POS DR/BIGBASKET/DELHI,POS775797,BigBasket,5411,Groceries,POS,1350.00,,741797.00
XXXX-XXXX-9876,2021-10-15,2021-10-15,POS DR/IOCL FUEL PUMP/DELHI,POS151356,IOCL,5541,Transport,POS,2200.00,,739597.00
XXXX-XXXX-9876,2021-10-28,2021-10-28,POS DR/BPCL FUEL PUMP/DELHI,POS279057,BPCL,5541,Transport,POS,1500.00,,738097.00
XXXX-XXXX-9876,2021-10-20,2021-10-20,POS DR/SWIGGY/FOOD ORDER,POS395432,Swiggy,5814,Dining,POS,620.00,,737477.00
XXXX-XXXX-9876,2021-10-22,2021-10-22,POS DR/SWIGGY/FOOD ORDER,POS368165,Swiggy,5814,Dining,POS,620.00,,736857.00
XXXX-XXXX-9876,2021-10-18,2021-10-18,UPI CR/***@oksbi/Refund,UPI874931,,,Refund,UPI,,2000.00,738857.00
XXXX-XXXX-9876,2021-10-10,2021-10-10,SI POS/NETFLIX.COM/Subscriptions,SI63242,,,Subscriptions,SI,649.00,,738208.00
XXXX-XXXX-9876,2021-10-11,2021-10-11,UPI DR/AIRTEL PREPAID/***@okaxis,UPI787860,,,Telecom,UPI,399.00,,737809.00
XXXX-XXXX-9876,2021-10-25,2021-10-25,POS DR/INDIGO AIRLINES/TICKET,POS801367,IndiGo,4511,Travel,POS,8200.00,,729609.00
XXXX-XXXX-9876,2021-10-27,2021-10-27,INT CR/SB INTEREST,INT31932,,,Interest,AUTO,,45.75,729654.75
XXXX-XXXX-9876,2021-11-01,2021-11-01,NEFT CR/Salary CREDIT/NOV 2021,NEFT2111S,Employer: TechNova Solutions,,Income,NEFT,,84364.80,814019.55
XXXX-XXXX-9876,2021-11-03,2021-11-03,IMPS DR/RENT/HOME OWNER,IMPS774449,,,Housing,IMPS,23000.00,,791019.55
XXXX-XXXX-9876,2021-11-07,2021-11-07,ELECTRICITY BILL/NDPL/ONLINE,EB31188,,,Utilities,NET,1600.00,,789419.55
XXXX-XXXX-9876,2021-11-08,2021-11-08,WATER BILL/DJB/ONLINE,WB37246,,,Utilities,NET,520.00,,788899.55
XXXX-XXXX-9876,2021-11-14,2021-11-14,CC Payment HDFC Regalia XXXX-4321,NACH574990,,,Debt Payment,NACH,13000.00,,775899.55
XXXX-XXXX-9876,2021-11-21,2021-11-21,POS DR/BIGBASKET/DELHI,POS896129,BigBasket,5411,Groceries,POS,1580.00,,774319.55
XXXX-XXXX-9876,2021-11-28,2021-11-28,POS DR/BIGBASKET/DELHI,POS548185,BigBasket,5411,Groceries,POS,1725.00,,772594.55
XXXX-XXXX-9876,2021-11-15,2021-11-15,POS DR/HPCL FUEL PUMP/DELHI,POS355942,HPCL,5541,Transport,POS,1500.00,,771094.55
XXXX-XXXX-9876,2021-11-28,2021-11-28,POS DR/HPCL FUEL PUMP/DELHI,POS458566,HPCL,5541,Transport,POS,1500.00,,769594.55
XXXX-XXXX-9876,2021-11-05,2021-11-05,POS DR/SWIGGY/FOOD ORDER,POS350742,Swiggy,5814,Dining,POS,620.00,,768974.55
XXXX-XXXX-9876,2021-11-24,2021-11-24,POS DR/SWIGGY/FOOD ORDER,POS370907,Swiggy,5814,Dining,POS,620.00,,768354.55
XXXX-XXXX-9876,2021-11-18,2021-11-18,UPI CR/***@oksbi/Refund,UPI948673,,,Refund,UPI,,1500.00,769854.55
XXXX-XXXX-9876,2021-11-10,2021-11-10,SI POS/NETFLIX.COM/Subscriptions,SI12632,,,Subscriptions,SI,649.00,,769205.55
XXXX-XXXX-9876,2021-11-11,2021-11-11,UPI DR/AIRTEL PREPAID/***@okaxis,UPI886072,,,Telecom,UPI,399.00,,768806.55
XXXX-XXXX-9876,2021-11-27,2021-11-27,INT CR/SB INTEREST,INT78703,,,Interest,AUTO,,45.75,768852.30
XXXX-XXXX-9876,2021-12-01,2021-12-01,NEFT CR/Salary CREDIT/DEC 2021,NEFT2112S,Employer: TechNova Solutions,,Income,NEFT,,84364.80,853217.10
XXXX-XXXX-9876,2021-12-03,2021-12-03,IMPS DR/RENT/HOME OWNER,IMPS320206,,,Housing,IMPS,23000.00,,830217.10
XXXX-XXXX-9876,2021-12-07,2021-12-07,ELECTRICITY BILL/NDPL/ONLINE,EB59396,,,Utilities,NET,1850.00,,828367.10
XXXX-XXXX-9876,2021-12-08,2021-12-08,WATER BILL/DJB/ONLINE,WB54328,,,Utilities,NET,350.00,,828017.10
XXXX-XXXX-9876,2021-12-14,2021-12-14,CC Payment HDFC Regalia XXXX-4321,NACH390996,,,Debt Payment,NACH,17000.00,,811017.10
XXXX-XXXX-9876,2021-12-05,2021-12-05,POS DR/BIGBASKET/DELHI,POS477639,BigBasket,5411,Groceries,POS,1890.00,,809127.10
XXXX-XXXX-9876,2021-12-12,2021-12-12,POS DR/BIGBASKET/DELHI,POS820112,BigBasket,5411,Groceries,POS,1350.00,,807777.10
XXXX-XXXX-9876,2021-12-19,2021-12-19,POS DR/BIGBASKET/DELHI,POS654933,BigBasket,5411,Groceries,POS,1890.00,,805887.10
XXXX-XXXX-9876,2021-12-26,2021-12-26,POS DR/BIGBASKET/DELHI,POS197096,BigBasket,5411,Groceries,POS,1350.00,,804537.10
XXXX-XXXX-9876,2021-12-15,2021-12-15,POS DR/IOCL FUEL PUMP/DELHI,POS503241,IOCL,5541,Transport,POS,1500.00,,803037.10
XXXX-XXXX-9876,2021-12-28,2021-12-28,POS DR/IOCL FUEL PUMP/DELHI,POS552813,IOCL,5541,Transport,POS,2200.00,,800837.10
XXXX-XXXX-9876,2021-12-02,2021-12-02,POS DR/SWIGGY/FOOD ORDER,POS133809,Swiggy,5814,Dining,POS,480.00,,800357.10
XXXX-XXXX-9876,2021-12-16,2021-12-16,POS DR/SWIGGY/FOOD ORDER,POS843977,Swiggy,5814,Dining,POS,750.00,,799607.10
XXXX-XXXX-9876,2021-12-18,2021-12-18,UPI CR/***@oksbi/Refund,UPI900787,,,Refund,UPI,,2500.00,802107.10
XXXX-XXXX-9876,2021-12-10,2021-12-10,SI POS/NETFLIX.COM/Subscriptions,SI86962,,,Subscriptions,SI,649.00,,801458.10
XXXX-XXXX-9876,2021-12-11,2021-12-11,UPI DR/AIRTEL PREPAID/***@okaxis,UPI613618,,,Telecom,UPI,399.00,,801059.10
XXXX-XXXX-9876,2021-12-25,2021-12-25,POS DR/INDIGO AIRLINES/TICKET,POS965693,IndiGo,4511,Travel,POS,8200.00,,792859.10
XXXX-XXXX-9876,2021-12-27,2021-12-27,INT CR/SB INTEREST,INT71361,,,Interest,AUTO,,45.75,792904.85
XXXX-XXXX-9876,2022-01-01,2022-01-01,NEFT CR/Salary CREDIT/JAN 2022,NEFT2201S,Employer: TechNova Solutions,,Income,NEFT,,84364.80,877269.65
XXXX-XXXX-9876,2022-01-03,2022-01-03,IMPS DR/RENT/HOME OWNER,IMPS570758,,,Housing,IMPS,23000.00,,854269.65
XXXX-XXXX-9876,2022-01-07,2022-01-07,ELECTRICITY BILL/NDPL/ONLINE,EB42566,,,Utilities,NET,1600.00,,852669.65
XXXX-XXXX-9876,2022-01-08,2022-01-08,WATER BILL/DJB/ONLINE,WB39333,,,Utilities,NET,420.00,,852249.65
XXXX-XXXX-9876,2022-01-14,2022-01-14,CC Payment HDFC Regalia XXXX-4321,NACH647740,,,Debt Payment,NACH,13000.00,,839249.65
XXXX-XXXX-9876,2022-01-02,2022-01-02,POS DR/BIGBASKET/DELHI,POS965489,BigBasket,5411,Groceries,POS,1100.00,,838149.65
XXXX-XXXX-9876,2022-01-09,2022-01-09,POS DR/BIGBASKET/DELHI,POS189132,BigBasket,5411,Groceries,POS,1725.00,,836424.65
XXXX-XXXX-9876,2022-01-16,2022-01-16,POS DR/BIGBASKET/DELHI,POS914598,BigBasket,5411,Groceries,POS,1890.00,,834534.65
XXXX-XXXX-9876,2022-01-23,2022-01-23,POS DR/BIGBASKET/DELHI,POS101432,BigBasket,5411,Groceries,POS,1100.00,,833434.65
XXXX-XXXX-9876,2022-01-30,2022-01-30,POS DR/BIGBASKET/DELHI,POS343874,BigBasket,5411,Groceries,POS,1350.00,,832084.65
XXXX-XXXX-9876,2022-01-15,2022-01-15,POS DR/BPCL FUEL PUMP/DELHI,POS776861,BPCL,5541,Transport,POS,1200.00,,830884.65
XXXX-XXXX-9876,2022-01-28,2022-01-28,POS DR/BPCL FUEL PUMP/DELHI,POS234182,BPCL,5541,Transport,POS,1800.00,,829084.65
XXXX-XXXX-9876,2022-01-13,2022-01-13,POS DR/SWIGGY/FOOD ORDER,POS767199,Swiggy,5814,Dining,POS,890.00,,828194.65
XXXX-XXXX-9876,2022-01-27,2022-01-27,POS DR/SWIGGY/FOOD ORDER,POS832516,Swiggy,5814,Dining,POS,750.00,,827444.65
XXXX-XXXX-9876,2022-01-18,2022-01-18,UPI CR/***@oksbi/Refund,UPI900948,,,Refund,UPI,,1000.00,828444.65
XXXX-XXXX-9876,2022-01-10,2022-01-10,SI POS/NETFLIX.COM/Subscriptions,SI23034,,,Subscriptions,SI,649.00,,827795.65
XXXX-XXXX-9876,2022-01-11,2022-01-11,UPI DR/AIRTEL PREPAID/***@okaxis,UPI173769,,,Telecom,UPI,399.00,,827396.65
XXXX-XXXX-9876,2022-01-25,2022-01-25,UPI DR/OLA CABS/***@okicici,UPI301013,Ola,4121,Transport,UPI,540.00,,826856.65
XXXX-XXXX-9876,2022-01-27,2022-01-27,INT CR/SB INTEREST,INT39305,,,Interest,AUTO,,45.75,826902.40
XXXX-XXXX-9876,2022-02-01,2022-02-01,NEFT CR/Salary CREDIT/FEB 2022,NEFT2202S,Employer: TechNova Solutions,,Income,NEFT,,84364.80,911267.20
XXXX-XXXX-9876,2022-02-03,2022-02-03,IMPS DR/RENT/HOME OWNER,IMPS928885,,,Housing,IMPS,23000.00,,888267.20
XXXX-XXXX-9876,2022-02-07,2022-02-07,ELECTRICITY BILL/NDPL/ONLINE,EB88782,,,Utilities,NET,1600.00,,886667.20
XXXX-XXXX-9876,2022-02-08,2022-02-08,WATER BILL/DJB/ONLINE,WB11371,,,Utilities,NET,480.00,,886187.20
XXXX-XXXX-9876,2022-02-14,2022-02-14,CC Payment HDFC Regalia XXXX-4321,NACH392137,,,Debt Payment,NACH,17000.00,,869187.20
XXXX-XXXX-9876,2022-02-06,2022-02-06,POS DR/BIGBASKET/DELHI,POS775886,BigBasket,5411,Groceries,POS,1580.00,,867607.20
XXXX-XXXX-9876,2022-02-13,2022-02-13,POS DR/BIGBASKET/DELHI,POS598392,BigBasket,5411,Groceries,POS,1350.00,,866257.20
XXXX-XXXX-9876,2022-02-20,2022-02-20,POS DR/BIGBASKET/DELHI,POS346172,BigBasket,5411,Groceries,POS,1890.00,,864367.20
XXXX-XXXX-9876,2022-02-27,2022-02-27,POS DR/BIGBASKET/DELHI,POS359059,BigBasket,5411,Groceries,POS,1890.00,,862477.20
XXXX-XXXX-9876,2022-02-15,2022-02-15,POS DR/HPCL FUEL PUMP/DELHI,POS838882,HPCL,5541,Transport,POS,2200.00,,860277.20
XXXX-XXXX-9876,2022-02-28,2022-02-28,POS DR/BPCL FUEL PUMP/DELHI,POS157995,BPCL,5541,Transport,POS,1800.00,,858477.20
XXXX-XXXX-9876,2022-02-02,2022-02-02,POS DR/SWIGGY/FOOD ORDER,POS807225,Swiggy,5814,Dining,POS,750.00,,857727.20
XXXX-XXXX-9876,2022-02-11,2022-02-11,POS DR/SWIGGY/FOOD ORDER,POS185031,Swiggy,5814,Dining,POS,750.00,,856977.20
XXXX-XXXX-9876,2022-02-18,2022-02-18,UPI CR/***@oksbi/Refund,UPI369752,,,Refund,UPI,,1500.00,858477.20
XXXX-XXXX-9876,2022-02-10,2022-02-10,SI POS/NETFLIX.COM/Subscriptions,SI97471,,,Subscriptions,SI,649.00,,857828.20
XXXX-XXXX-9876,2022-02-11,2022-02-11,UPI DR/AIRTEL PREPAID/***@okaxis,UPI544934,,,Telecom,UPI,399.00,,857429.20
XXXX-XXXX-9876,2022-02-27,2022-02-27,BANK CHARGES/CONSOLIDATED,BNK14469,,,Bank Charges,NET,29.50,,857399.70
XXXX-XXXX-9876,2022-03-01,2022-03-01,NEFT CR/Salary CREDIT/MAR 2022,NEFT2203S,Employer: TechNova Solutions,,Income,NEFT,,84364.80,941764.50
XXXX-XXXX-9876,2022-03-03,2022-03-03,IMPS DR/RENT/HOME OWNER,IMPS829623,,,Housing,IMPS,23000.00,,918764.50
XXXX-XXXX-9876,2022-03-07,2022-03-07,ELECTRICITY BILL/NDPL/ONLINE,EB54309,,,Utilities,NET,1950.00,,916814.50
XXXX-XXXX-9876,2022-03-08,2022-03-08,WATER BILL/DJB/ONLINE,WB57489,,,Utilities,NET,520.00,,916294.50
XXXX-XXXX-9876,2022-03-14,2022-03-14,CC Payment HDFC Regalia XXXX-4321,NACH107081,,,Debt Payment,NACH,13000.00,,903294.50
XXXX-XXXX-9876,2022-03-06,2022-03-06,POS DR/BIGBASKET/DELHI,POS875033,BigBasket,5411,Groceries,POS,1580.00,,901714.50
XXXX-XXXX-9876,2022-03-13,2022-03-13,POS DR/BIGBASKET/DELHI,POS170708,BigBasket,5411,Groceries,POS,1890.00,,899824.50
XXXX-XXXX-9876,2022-03-20,2022-03-20,POS DR/BIGBASKET/DELHI,POS619774,BigBasket,5411,Groceries,POS,1350.00,,898474.50
XXXX-XXXX-9876,2022-03-27,2022-03-27,POS DR/BIGBASKET/DELHI,POS426857,BigBasket,5411,Groceries,POS,1350.00,,897124.50
XXXX-XXXX-9876,2022-03-15,2022-03-15,POS DR/HPCL FUEL PUMP/DELHI,POS587707,HPCL,5541,Transport,POS,1500.00,,895624.50
XXXX-XXXX-9876,2022-03-28,2022-03-28,POS DR/HPCL FUEL PUMP/DELHI,POS897411,HPCL,5541,Transport,POS,1800.00,,893824.50
XXXX-XXXX-9876,2022-03-06,2022-03-06,POS DR/SWIGGY/FOOD ORDER,POS619846,Swiggy,5814,Dining,POS,890.00,,892934.50
XXXX-XXXX-9876,2022-03-16,2022-03-16,POS DR/SWIGGY/FOOD ORDER,POS296412,Swiggy,5814,Dining,POS,890.00,,892044.50
XXXX-XXXX-9876,2022-03-18,2022-03-18,UPI CR/***@oksbi/Refund,UPI334172,,,Refund,UPI,,2500.00,894544.50
XXXX-XXXX-9876,2022-03-10,2022-03-10,SI POS/NETFLIX.COM/Subscriptions,SI64660,,,Subscriptions,SI,649.00,,893895.50
XXXX-XXXX-9876,2022-03-11,2022-03-11,UPI DR/AIRTEL PREPAID/***@okaxis,UPI797611,,,Telecom,UPI,399.00,,893496.50
XXXX-XXXX-9876,2022-03-25,2022-03-25,UPI DR/OLA CABS/***@okicici,UPI512572,Ola,4121,Transport,UPI,540.00,,892956.50
XXXX-XXXX-9876,2022-03-27,2022-03-27,BANK CHARGES/CONSOLIDATED,BNK13097,,,Bank Charges,NET,29.50,,892927.00
XXXX-XXXX-9876,2022-04-01,2022-04-01,NEFT CR/Salary CREDIT/APR 2022,NEFT2204S,Employer: TechNova Solutions,,Income,NEFT,,84364.80,977291.80
XXXX-XXXX-9876,2022-04-03,2022-04-03,IMPS DR/RENT/HOME OWNER,IMPS725084,,,Housing,IMPS,23000.00,,954291.80
XXXX-XXXX-9876,2022-04-07,2022-04-07,ELECTRICITY BILL/NDPL/ONLINE,EB28600,,,Utilities,NET,1950.00,,952341.80
XXXX-XXXX-9876,2022-04-08,2022-04-08,WATER BILL/DJB/ONLINE,WB16794,,,Utilities,NET,350.00,,951991.80
XXXX-XXXX-9876,2022-04-14,2022-04-14,CC Payment HDFC Regalia XXXX-4321,NACH512427,,,Debt Payment,NACH,13000.00,,938991.80
XXXX-XXXX-9876,2022-04-10,2022-04-10,POS DR/BIGBASKET/DELHI,POS846622,BigBasket,5411,Groceries,POS,1725.00,,937266.80
XXXX-XXXX-9876,2022-04-17,2022-04-17,POS DR/BIGBASKET/DELHI,POS868316,BigBasket,5411,Groceries,POS,1580.00,,935686.80
XXXX-XXXX-9876,2022-04-24,2022-04-24,POS DR/BIGBASKET/DELHI,POS183216,BigBasket,5411,Groceries,POS,1100.00,,934586.80
XXXX-XXXX-9876,2022-04-15,2022-04-15,POS DR/HPCL FUEL PUMP/DELHI,POS299946,HPCL,5541,Transport,POS,1800.00,,932786.80
XXXX-XXXX-9876,2022-04-28,2022-04-28,POS DR/HPCL FUEL PUMP/DELHI,POS133442,HPCL,5541,Transport,POS,2200.00,,930586.80
XXXX-XXXX-9876,2022-04-16,2022-04-16,POS DR/SWIGGY/FOOD ORDER,POS979888,Swiggy,5814,Dining,POS,750.00,,929836.80
XXXX-XXXX-9876,2022-04-29,2022-04-29,POS DR/SWIGGY/FOOD ORDER,POS447810,Swiggy,5814,Dining,POS,620.00,,929216.80
XXXX-XXXX-9876,2022-04-18,2022-04-18,UPI CR/***@oksbi/Refund,UPI563926,,,Refund,UPI,,1500.00,930716.80
XXXX-XXXX-9876,2022-04-10,2022-04-10,SI POS/NETFLIX.COM/Subscriptions,SI24281,,,Subscriptions,SI,649.00,,930067.80
XXXX-XXXX-9876,2022-04-11,2022-04-11,UPI DR/AIRTEL PREPAID/***@okaxis,UPI103010,,,Telecom,UPI,399.00,,929668.80
XXXX-XXXX-9876,2022-04-25,2022-04-25,POS DR/INDIGO AIRLINES/TICKET,POS540593,IndiGo,4511,Travel,POS,8200.00,,921468.80
XXXX-XXXX-9876,2022-04-27,2022-04-27,INT CR/SB INTEREST,INT26214,,,Interest,AUTO,,45.75,921514.55
XXXX-XXXX-9876,2022-05-01,2022-05-01,NEFT CR/Salary CREDIT/MAY 2022,NEFT2205S,Employer: TechNova Solutions,,Income,NEFT,,84364.80,1005879.35
XXXX-XXXX-9876,2022-05-03,2022-05-03,IMPS DR/RENT/HOME OWNER,IMPS688386,,,Housing,IMPS,23000.00,,982879.35
XXXX-XXXX-9876,2022-05-07,2022-05-07,ELECTRICITY BILL/NDPL/ONLINE,EB37184,,,Utilities,NET,1950.00,,980929.35
XXXX-XXXX-9876,2022-05-08,2022-05-08,WATER BILL/DJB/ONLINE,WB56744,,,Utilities,NET,480.00,,980449.35
XXXX-XXXX-9876,2022-05-14,2022-05-14,CC Payment HDFC Regalia XXXX-4321,NACH192023,,,Debt Payment,NACH,17000.00,,963449.35
XXXX-XXXX-9876,2022-05-15,2022-05-15,POS DR/BIGBASKET/DELHI,POS839515,BigBasket,5411,Groceries,POS,1100.00,,962349.35
XXXX-XXXX-9876,2022-05-22,2022-05-22,POS DR/BIGBASKET/DELHI,POS305222,BigBasket,5411,Groceries,POS,1725.00,,960624.35
XXXX-XXXX-9876,2022-05-29,2022-05-29,POS DR/BIGBASKET/DELHI,POS667834,BigBasket,5411,Groceries,POS,1580.00,,959044.35
XXXX-XXXX-9876,2022-05-15,2022-05-15,POS DR/IOCL FUEL PUMP/DELHI,POS439014,IOCL,5541,Transport,POS,1500.00,,957544.35
XXXX-XXXX-9876,2022-05-28,2022-05-28,POS DR/IOCL FUEL PUMP/DELHI,POS131753,IOCL,5541,Transport,POS,2200.00,,955344.35
XXXX-XXXX-9876,2022-05-20,2022-05-20,POS DR/SWIGGY/FOOD ORDER,POS951259,Swiggy,5814,Dining,POS,480.00,,954864.35
XXXX-XXXX-9876,2022-05-27,2022-05-27,POS DR/SWIGGY/FOOD ORDER,POS142624,Swiggy,5814,Dining,POS,750.00,,954114.35
XXXX-XXXX-9876,2022-05-18,2022-05-18,UPI CR/***@oksbi/Refund,UPI493811,,,Refund,UPI,,1000.00,955114.35
XXXX-XXXX-9876,2022-05-10,2022-05-10,SI POS/NETFLIX.COM/Subscriptions,SI70824,,,Subscriptions,SI,649.00,,954465.35
XXXX-XXXX-9876,2022-05-11,2022-05-11,UPI DR/AIRTEL PREPAID/***@okaxis,UPI165619,,,Telecom,UPI,399.00,,954066.35
XXXX-XXXX-9876,2022-05-27,2022-05-27,BANK CHARGES/CONSOLIDATED,BNK35551,,,Bank Charges,NET,29.50,,954036.85
XXXX-XXXX-9876,2022-06-01,2022-06-01,NEFT CR/Salary CREDIT/JUN 2022,NEFT2206S,Employer: TechNova Solutions,,Income,NEFT,,84364.80,1038401.65
XXXX-XXXX-9876,2022-06-03,2022-06-03,IMPS DR/RENT/HOME OWNER,IMPS883587,,,Housing,IMPS,23000.00,,1015401.65
XXXX-XXXX-9876,2022-06-07,2022-06-07,ELECTRICITY BILL/NDPL/ONLINE,EB18238,,,Utilities,NET,1850.00,,1013551.65
XXXX-XXXX-9876,2022-06-08,2022-06-08,WATER BILL/DJB/ONLINE,WB57575,,,Utilities,NET,480.00,,1013071.65
XXXX-XXXX-9876,2022-06-14,2022-06-14,CC Payment HDFC Regalia XXXX-4321,NACH746948,,,Debt Payment,NACH,15000.00,,998071.65
XXXX-XXXX-9876,2022-06-05,2022-06-05,POS DR/BIGBASKET/DELHI,POS374907,BigBasket,5411,Groceries,POS,1100.00,,996971.65
XXXX-XXXX-9876,2022-06-12,2022-06-12,POS DR/BIGBASKET/DELHI,POS389019,BigBasket,5411,Groceries,POS,1580.00,,995391.65
XXXX-XXXX-9876,2022-06-19,2022-06-19,POS DR/BIGBASKET/DELHI,POS103954,BigBasket,5411,Groceries,POS,1580.00,,993811.65
XXXX-XXXX-9876,2022-06-26,2022-06-26,POS DR/BIGBASKET/DELHI,POS944794,BigBasket,5411,Groceries,POS,1890.00,,991921.65
XXXX-XXXX-9876,2022-06-15,2022-06-15,POS DR/BPCL FUEL PUMP/DELHI,POS125434,BPCL,5541,Transport,POS,1200.00,,990721.65
XXXX-XXXX-9876,2022-06-28,2022-06-28,POS DR/HPCL FUEL PUMP/DELHI,POS598271,HPCL,5541,Transport,POS,1200.00,,989521.65
XXXX-XXXX-9876,2022-06-21,2022-06-21,POS DR/SWIGGY/FOOD ORDER,POS928164,Swiggy,5814,Dining,POS,750.00,,988771.65
XXXX-XXXX-9876,2022-06-30,2022-06-30,POS DR/SWIGGY/FOOD ORDER,POS550822,Swiggy,5814,Dining,POS,620.00,,988151.65
XXXX-XXXX-9876,2022-06-18,2022-06-18,UPI CR/***@oksbi/Refund,UPI954379,,,Refund,UPI,,2500.00,990651.65
XXXX-XXXX-9876,2022-06-10,2022-06-10,SI POS/NETFLIX.COM/Subscriptions,SI27394,,,Subscriptions,SI,649.00,,990002.65
XXXX-XXXX-9876,2022-06-11,2022-06-11,UPI DR/AIRTEL PREPAID/***@okaxis,UPI620660,,,Telecom,UPI,399.00,,989603.65
XXXX-XXXX-9876,2022-06-25,2022-06-25,UPI DR/OLA CABS/***@okicici,UPI874360,Ola,4121,Transport,UPI,540.00,,989063.65
XXXX-XXXX-9876,2022-06-27,2022-06-27,INT CR/SB INTEREST,INT29833,,,Interest,AUTO,,45.75,989109.40
XXXX-XXXX-9876,2022-07-01,2022-07-01,NEFT CR/Salary CREDIT/JUL 2022,NEFT2207S,Employer: TechNova Solutions,,Income,NEFT,,84364.80,1073474.20
XXXX-XXXX-9876,2022-07-03,2022-07-03,IMPS DR/RENT/HOME OWNER,IMPS736752,,,Housing,IMPS,23000.00,,1050474.20
XXXX-XXXX-9876,2022-07-07,2022-07-07,ELECTRICITY BILL/NDPL/ONLINE,EB40951,,,Utilities,NET,1850.00,,1048624.20
XXXX-XXXX-9876,2022-07-08,2022-07-08,WATER BILL/DJB/ONLINE,WB51883,,,Utilities,NET,520.00,,1048104.20
XXXX-XXXX-9876,2022-07-14,2022-07-14,CC Payment HDFC Regalia XXXX-4321,NACH921908,,,Debt Payment,NACH,15000.00,,1033104.20
XXXX-XXXX-9876,2022-07-10,2022-07-10,POS DR/BIGBASKET/DELHI,POS182853,BigBasket,5411,Groceries,POS,1890.00,,1031214.20
XXXX-XXXX-9876,2022-07-17,2022-07-17,POS DR/BIGBASKET/DELHI,POS306896,BigBasket,5411,Groceries,POS,1890.00,,1029324.20
XXXX-XXXX-9876,2022-07-24,2022-07-24,POS DR/BIGBASKET/DELHI,POS889457,BigBasket,5411,Groceries,POS,1725.00,,1027599.20
XXXX-XXXX-9876,2022-07-31,2022-07-31,POS DR/BIGBASKET/DELHI,POS359320,BigBasket,5411,Groceries,POS,1350.00,,1026249.20
XXXX-XXXX-9876,2022-07-15,2022-07-15,POS DR/IOCL FUEL PUMP/DELHI,POS781098,IOCL,5541,Transport,POS,1200.00,,1025049.20
XXXX-XXXX-9876,2022-07-28,2022-07-28,POS DR/HPCL FUEL PUMP/DELHI,POS679437,HPCL,5541,Transport,POS,2200.00,,1022849.20
XXXX-XXXX-9876,2022-07-17,2022-07-17,POS DR/SWIGGY/FOOD ORDER,POS547274,Swiggy,5814,Dining,POS,480.00,,1022369.20
XXXX-XXXX-9876,2022-07-24,2022-07-24,POS DR/SWIGGY/FOOD ORDER,POS175670,Swiggy,5814,Dining,POS,350.00,,1022019.20
XXXX-XXXX-9876,2022-07-18,2022-07-18,UPI CR/***@oksbi/Refund,UPI377758,,,Refund,UPI,,1000.00,1023019.20
XXXX-XXXX-9876,2022-07-10,2022-07-10,SI POS/NETFLIX.COM/Subscriptions,SI37307,,,Subscriptions,SI,649.00,,1022370.20
XXXX-XXXX-9876,2022-07-11,2022-07-11,UPI DR/AIRTEL PREPAID/***@okaxis,UPI201106,,,Telecom,UPI,399.00,,1021971.20
XXXX-XXXX-9876,2022-07-27,2022-07-27,INT CR/SB INTEREST,INT68584,,,Interest,AUTO,,45.75,1022016.95
XXXX-XXXX-9876,2022-08-01,2022-08-01,NEFT CR/Salary CREDIT/AUG 2022,NEFT2208S,Employer: TechNova Solutions,,Income,NEFT,,84364.80,1106381.75
XXXX-XXXX-9876,2022-08-03,2022-08-03,IMPS DR/RENT/HOME OWNER,IMPS281604,,,Housing,IMPS,23000.00,,1083381.75
XXXX-XXXX-9876,2022-08-07,2022-08-07,ELECTRICITY BILL/NDPL/ONLINE,EB40696,,,Utilities,NET,1750.00,,1081631.75
XXXX-XXXX-9876,2022-08-08,2022-08-08,WATER BILL/DJB/ONLINE,WB64636,,,Utilities,NET,520.00,,1081111.75
XXXX-XXXX-9876,2022-08-14,2022-08-14,CC Payment HDFC Regalia XXXX-4321,NACH884310,,,Debt Payment,NACH,13000.00,,1068111.75
XXXX-XXXX-9876,2022-08-21,2022-08-21,POS DR/BIGBASKET/DELHI,POS988130,BigBasket,5411,Groceries,POS,1890.00,,1066221.75
XXXX-XXXX-9876,2022-08-28,2022-08-28,POS DR/BIGBASKET/DELHI,POS917627,BigBasket,5411,Groceries,POS,1100.00,,1065121.75
XXXX-XXXX-9876,2022-08-15,2022-08-15,POS DR/IOCL FUEL PUMP/DELHI,POS392968,IOCL,5541,Transport,POS,1800.00,,1063321.75
XXXX-XXXX-9876,2022-08-28,2022-08-28,POS DR/BPCL FUEL PUMP/DELHI,POS491088,BPCL,5541,Transport,POS,1800.00,,1061521.75
XXXX-XXXX-9876,2022-08-13,2022-08-13,POS DR/SWIGGY/FOOD ORDER,POS308865,Swiggy,5814,Dining,POS,620.00,,1060901.75
XXXX-XXXX-9876,2022-08-31,2022-08-31,POS DR/SWIGGY/FOOD ORDER,POS359448,Swiggy,5814,Dining,POS,750.00,,1060151.75
XXXX-XXXX-9876,2022-08-18,2022-08-18,UPI CR/***@oksbi/Refund,UPI294758,,,Refund,UPI,,1500.00,1061651.75
XXXX-XXXX-9876,2022-08-10,2022-08-10,SI POS/NETFLIX.COM/Subscriptions,SI40867,,,Subscriptions,SI,649.00,,1061002.75
XXXX-XXXX-9876,2022-08-11,2022-08-11,UPI DR/AIRTEL PREPAID/***@okaxis,UPI260769,,,Telecom,UPI,399.00,,1060603.75
XXXX-XXXX-9876,2022-08-25,2022-08-25,UPI DR/OLA CABS/***@okicici,UPI297394,Ola,4121,Transport,UPI,540.00,,1060063.75
XXXX-XXXX-9876,2022-08-27,2022-08-27,INT CR/SB INTEREST,INT61913,,,Interest,AUTO,,45.75,1060109.50
XXXX-XXXX-9876,2022-09-01,2022-09-01,NEFT CR/Salary CREDIT/SEP 2022,NEFT2209S,Employer: TechNova Solutions,,Income,NEFT,,84364.80,1144474.30
XXXX-XXXX-9876,2022-09-03,2022-09-03,IMPS DR/RENT/HOME OWNER,IMPS363878,,,Housing,IMPS,23000.00,,1121474.30
XXXX-XXXX-9876,2022-09-07,2022-09-07,ELECTRICITY BILL/NDPL/ONLINE,EB42237,,,Utilities,NET,1750.00,,1119724.30
XXXX-XXXX-9876,2022-09-08,2022-09-08,WATER BILL/DJB/ONLINE,WB95149,,,Utilities,NET,350.00,,1119374.30
XXXX-XXXX-9876,2022-09-14,2022-09-14,CC Payment HDFC Regalia XXXX-4321,NACH138821,,,Debt Payment,NACH,17000.00,,1102374.30
XXXX-XXXX-9876,2022-09-04,2022-09-04,POS DR/BIGBASKET/DELHI,POS104710,BigBasket,5411,Groceries,POS,1100.00,,1101274.30
XXXX-XXXX-9876,2022-09-11,2022-09-11,POS DR/BIGBASKET/DELHI,POS958891,BigBasket,5411,Groceries,POS,1725.00,,1099549.30
XXXX-XXXX-9876,2022-09-18,2022-09-18,POS DR/BIGBASKET/DELHI,POS981387,BigBasket,5411,Groceries,POS,1350.00,,1098199.30
XXXX-XXXX-9876,2022-09-25,2022-09-25,POS DR/BIGBASKET/DELHI,POS492037,BigBasket,5411,Groceries,POS,1725.00,,1096474.30
XXXX-XXXX-9876,2022-09-15,2022-09-15,POS DR/HPCL FUEL PUMP/DELHI,POS344205,HPCL,5541,Transport,POS,1800.00,,1094674.30
XXXX-XXXX-9876,2022-09-28,2022-09-28,POS DR/HPCL FUEL PUMP/DELHI,POS298781,HPCL,5541,Transport,POS,1200.00,,1093474.30
XXXX-XXXX-9876,2022-09-25,2022-09-25,POS DR/SWIGGY/FOOD ORDER,POS178765,Swiggy,5814,Dining,POS,480.00,,1092994.30
XXXX-XXXX-9876,2022-09-26,2022-09-26,POS DR/SWIGGY/FOOD ORDER,POS637572,Swiggy,5814,Dining,POS,620.00,,1092374.30
XXXX-XXXX-9876,2022-09-18,2022-09-18,UPI CR/***@oksbi/Refund,UPI286393,,,Refund,UPI,,2500.00,1094874.30
XXXX-XXXX-9876,2022-09-10,2022-09-10,SI POS/NETFLIX.COM/Subscriptions,SI89041,,,Subscriptions,SI,649.00,,1094225.30
XXXX-XXXX-9876,2022-09-11,2022-09-11,UPI DR/AIRTEL PREPAID/***@okaxis,UPI372575,,,Telecom,UPI,399.00,,1093826.30
XXXX-XXXX-9876,2022-09-27,2022-09-27,INT CR/SB INTEREST,INT10830,,,Interest,AUTO,,45.75,1093872.05
XXXX-XXXX-9876,2022-10-01,2022-10-01,NEFT CR/Salary CREDIT/OCT 2022,NEFT2210S,Employer: TechNova Solutions,,Income,NEFT,,84364.80,1178236.85
XXXX-XXXX-9876,2022-10-03,2022-10-03,IMPS DR/RENT/HOME OWNER,IMPS210918,,,Housing,IMPS,23000.00,,1155236.85
XXXX-XXXX-9876,2022-10-07,2022-10-07,ELECTRICITY BILL/NDPL/ONLINE,EB93552,,,Utilities,NET,1850.00,,1153386.85
XXXX-XXXX-9876,2022-10-08,2022-10-08,WATER BILL/DJB/ONLINE,WB38527,,,Utilities,NET,350.00,,1153036.85
XXXX-XXXX-9876,2022-10-14,2022-10-14,CC Payment HDFC Regalia XXXX-4321,NACH456533,,,Debt Payment,NACH,15000.00,,1138036.85
XXXX-XXXX-9876,2022-10-02,2022-10-02,POS DR/BIGBASKET/DELHI,POS146311,BigBasket,5411,Groceries,POS,1350.00,,1136686.85
XXXX-XXXX-9876,2022-10-09,2022-10-09,POS DR/BIGBASKET/DELHI,POS367296,BigBasket,5411,Groceries,POS,1350.00,,1135336.85
XXXX-XXXX-9876,2022-10-16,2022-10-16,POS DR/BIGBASKET/DELHI,POS728540,BigBasket,5411,Groceries,POS,1100.00,,1134236.85
XXXX-XXXX-9876,2022-10-23,2022-10-23,POS DR/BIGBASKET/DELHI,POS954320,BigBasket,5411,Groceries,POS,1350.00,,1132886.85
XXXX-XXXX-9876,2022-10-30,2022-10-30,POS DR/BIGBASKET/DELHI,POS958608,BigBasket,5411,Groceries,POS,1100.00,,1131786.85
XXXX-XXXX-9876,2022-10-15,2022-10-15,POS DR/IOCL FUEL PUMP/DELHI,POS811269,IOCL,5541,Transport,POS,2200.00,,1129586.85
XXXX-XXXX-9876,2022-10-28,2022-10-28,POS DR/IOCL FUEL PUMP/DELHI,POS751180,IOCL,5541,Transport,POS,1500.00,,1128086.85
XXXX-XXXX-9876,2022-10-05,2022-10-05,POS DR/SWIGGY/FOOD ORDER,POS132995,Swiggy,5814,Dining,POS,480.00,,1127606.85
XXXX-XXXX-9876,2022-10-16,2022-10-16,POS DR/SWIGGY/FOOD ORDER,POS674666,Swiggy,5814,Dining,POS,750.00,,1126856.85
XXXX-XXXX-9876,2022-10-18,2022-10-18,UPI CR/***@oksbi/Refund,UPI606993,,,Refund,UPI,,1000.00,1127856.85
XXXX-XXXX-9876,2022-10-10,2022-10-10,SI POS/NETFLIX.COM/Subscriptions,SI63499,,,Subscriptions,SI,649.00,,1127207.85
XXXX-XXXX-9876,2022-10-11,2022-10-11,UPI DR/AIRTEL PREPAID/***@okaxis,UPI206312,,,Telecom,UPI,399.00,,1126808.85
XXXX-XXXX-9876,2022-10-27,2022-10-27,INT CR/SB INTEREST,INT30257,,,Interest,AUTO,,45.75,1126854.60
XXXX-XXXX-9876,2022-11-01,2022-11-01,NEFT CR/Salary CREDIT/NOV 2022,NEFT2211S,Employer: TechNova Solutions,,Income,NEFT,,87739.39,1214593.99
XXXX-XXXX-9876,2022-11-03,2022-11-03,IMPS DR/RENT/HOME OWNER,IMPS770230,,,Housing,IMPS,23000.00,,1191593.99
XXXX-XXXX-9876,2022-11-07,2022-11-07,ELECTRICITY BILL/NDPL/ONLINE,EB79992,,,Utilities,NET,1600.00,,1189993.99
XXXX-XXXX-9876,2022-11-08,2022-11-08,WATER BILL/DJB/ONLINE,WB95597,,,Utilities,NET,420.00,,1189573.99
XXXX-XXXX-9876,2022-11-14,2022-11-14,CC Payment HDFC Regalia XXXX-4321,NACH829185,,,Debt Payment,NACH,17000.00,,1172573.99
XXXX-XXXX-9876,2022-11-06,2022-11-06,POS DR/BIGBASKET/DELHI,POS529694,BigBasket,5411,Groceries,POS,1580.00,,1170993.99
XXXX-XXXX-9876,2022-11-13,2022-11-13,POS DR/BIGBASKET/DELHI,POS800250,BigBasket,5411,Groceries,POS,1580.00,,1169413.99
XXXX-XXXX-9876,2022-11-20,2022-11-20,POS DR/BIGBASKET/DELHI,POS538142,BigBasket,5411,Groceries,POS,1580.00,,1167833.99
XXXX-XXXX-9876,2022-11-27,2022-11-27,POS DR/BIGBASKET/DELHI,POS427535,BigBasket,5411,Groceries,POS,1100.00,,1166733.99
XXXX-XXXX-9876,2022-11-15,2022-11-15,POS DR/BPCL FUEL PUMP/DELHI,POS534194,BPCL,5541,Transport,POS,1800.00,,1164933.99
XXXX-XXXX-9876,2022-11-28,2022-11-28,POS DR/IOCL FUEL PUMP/DELHI,POS903904,IOCL,5541,Transport,POS,1200.00,,1163733.99
XXXX-XXXX-9876,2022-11-18,2022-11-18,POS DR/SWIGGY/FOOD ORDER,POS509711,Swiggy,5814,Dining,POS,480.00,,1163253.99
XXXX-XXXX-9876,2022-11-27,2022-11-27,POS DR/SWIGGY/FOOD ORDER,POS313560,Swiggy,5814,Dining,POS,750.00,,1162503.99
XXXX-XXXX-9876,2022-11-18,2022-11-18,UPI CR/***@oksbi/Refund,UPI106162,,,Refund,UPI,,2500.00,1165003.99
XXXX-XXXX-9876,2022-11-10,2022-11-10,SI POS/NETFLIX.COM/Subscriptions,SI30521,,,Subscriptions,SI,649.00,,1164354.99
XXXX-XXXX-9876,2022-11-11,2022-11-11,UPI DR/AIRTEL PREPAID/***@okaxis,UPI544339,,,Telecom,UPI,399.00,,1163955.99
XXXX-XXXX-9876,2022-11-25,2022-11-25,POS DR/INDIGO AIRLINES/TICKET,POS705862,IndiGo,4511,Travel,POS,8200.00,,1155755.99
XXXX-XXXX-9876,2022-11-27,2022-11-27,INT CR/SB INTEREST,INT70411,,,Interest,AUTO,,45.75,1155801.74
XXXX-XXXX-9876,2022-12-01,2022-12-01,NEFT CR/Salary CREDIT/DEC 2022,NEFT2212S,Employer: TechNova Solutions,,Income,NEFT,,87739.39,1243541.13
XXXX-XXXX-9876,2022-12-03,2022-12-03,IMPS DR/RENT/HOME OWNER,IMPS910606,,,Housing,IMPS,23000.00,,1220541.13
XXXX-XXXX-9876,2022-12-07,2022-12-07,ELECTRICITY BILL/NDPL/ONLINE,EB31305,,,Utilities,NET,1750.00,,1218791.13
XXXX-XXXX-9876,2022-12-08,2022-12-08,WATER BILL/DJB/ONLINE,WB11944,,,Utilities,NET,350.00,,1218441.13
XXXX-XXXX-9876,2022-12-14,2022-12-14,CC Payment HDFC Regalia XXXX-4321,NACH771787,,,Debt Payment,NACH,13000.00,,1205441.13
XXXX-XXXX-9876,2022-12-04,2022-12-04,POS DR/BIGBASKET/DELHI,POS193355,BigBasket,5411,Groceries,POS,1725.00,,1203716.13
XXXX-XXXX-9876,2022-12-11,2022-12-11,POS DR/BIGBASKET/DELHI,POS752418,BigBasket,5411,Groceries,POS,1890.00,,1201826.13
XXXX-XXXX-9876,2022-12-18,2022-12-18,POS DR/BIGBASKET/DELHI,POS873061,BigBasket,5411,Groceries,POS,1580.00,,1200246.13
XXXX-XXXX-9876,2022-12-25,2022-12-25,POS DR/BIGBASKET/DELHI,POS280025,BigBasket,5411,Groceries,POS,1890.00,,1198356.13
XXXX-XXXX-9876,2022-12-15,2022-12-15,POS DR/HPCL FUEL PUMP/DELHI,POS397056,HPCL,5541,Transport,POS,1800.00,,1196556.13
XXXX-XXXX-9876,2022-12-28,2022-12-28,POS DR/HPCL FUEL PUMP/DELHI,POS170356,HPCL,5541,Transport,POS,1500.00,,1195056.13
XXXX-XXXX-9876,2022-12-06,2022-12-06,POS DR/SWIGGY/FOOD ORDER,POS890160,Swiggy,5814,Dining,POS,750.00,,1194306.13
XXXX-XXXX-9876,2022-12-19,2022-12-19,POS DR/SWIGGY/FOOD ORDER,POS416266,Swiggy,5814,Dining,POS,480.00,,1193826.13
XXXX-XXXX-9876,2022-12-18,2022-12-18,UPI CR/***@oksbi/Refund,UPI232802,,,Refund,UPI,,1000.00,1194826.13
XXXX-XXXX-9876,2022-12-10,2022-12-10,SI POS/NETFLIX.COM/Subscriptions,SI73273,,,Subscriptions,SI,649.00,,1194177.13
XXXX-XXXX-9876,2022-12-11,2022-12-11,UPI DR/AIRTEL PREPAID/***@okaxis,UPI429804,,,Telecom,UPI,399.00,,1193778.13
XXXX-XXXX-9876,2022-12-25,2022-12-25,UPI DR/OLA CABS/***@okicici,UPI506737,Ola,4121,Transport,UPI,540.00,,1193238.13
XXXX-XXXX-9876,2022-12-27,2022-12-27,BANK CHARGES/CONSOLIDATED,BNK91309,,,Bank Charges,NET,29.50,,1193208.63
XXXX-XXXX-9876,2023-01-01,2023-01-01,NEFT CR/Salary CREDIT/JAN 2023,NEFT2301S,Employer: TechNova Solutions,,Income,NEFT,,87739.39,1280948.02
XXXX-XXXX-9876,2023-01-03,2023-01-03,IMPS DR/RENT/HOME OWNER,IMPS821647,,,Housing,IMPS,23000.00,,1257948.02
XXXX-XXXX-9876,2023-01-07,2023-01-07,ELECTRICITY BILL/NDPL/ONLINE,EB31007,,,Utilities,NET,1750.00,,1256198.02
XXXX-XXXX-9876,2023-01-08,2023-01-08,WATER BILL/DJB/ONLINE,WB91402,,,Utilities,NET,520.00,,1255678.02
XXXX-XXXX-9876,2023-01-14,2023-01-14,CC Payment HDFC Regalia XXXX-4321,NACH969466,,,Debt Payment,NACH,13000.00,,1242678.02
XXXX-XXXX-9876,2023-01-15,2023-01-15,POS DR/BIGBASKET/DELHI,POS291853,BigBasket,5411,Groceries,POS,1725.00,,1240953.02
XXXX-XXXX-9876,2023-01-22,2023-01-22,POS DR/BIGBASKET/DELHI,POS328733,BigBasket,5411,Groceries,POS,1890.00,,1239063.02
XXXX-XXXX-9876,2023-01-29,2023-01-29,POS DR/BIGBASKET/DELHI,POS519163,BigBasket,5411,Groceries,POS,1100.00,,1237963.02
XXXX-XXXX-9876,2023-01-15,2023-01-15,POS DR/BPCL FUEL PUMP/DELHI,POS502208,BPCL,5541,Transport,POS,1500.00,,1236463.02
XXXX-XXXX-9876,2023-01-28,2023-01-28,POS DR/IOCL FUEL PUMP/DELHI,POS256727,IOCL,5541,Transport,POS,1200.00,,1235263.02
XXXX-XXXX-9876,2023-01-12,2023-01-12,POS DR/SWIGGY/FOOD ORDER,POS143095,Swiggy,5814,Dining,POS,480.00,,1234783.02
XXXX-XXXX-9876,2023-01-31,2023-01-31,POS DR/SWIGGY/FOOD ORDER,POS983409,Swiggy,5814,Dining,POS,890.00,,1233893.02
XXXX-XXXX-9876,2023-01-18,2023-01-18,UPI CR/***@oksbi/Refund,UPI894255,,,Refund,UPI,,1000.00,1234893.02
XXXX-XXXX-9876,2023-01-10,2023-01-10,SI POS/NETFLIX.COM/Subscriptions,SI97542,,,Subscriptions,SI,649.00,,1234244.02
XXXX-XXXX-9876,2023-01-11,2023-01-11,UPI DR/AIRTEL PREPAID/***@okaxis,UPI978920,,,Telecom,UPI,399.00,,1233845.02
XXXX-XXXX-9876,2023-01-25,2023-01-25,POS DR/INDIGO AIRLINES/TICKET,POS577871,IndiGo,4511,Travel,POS,8200.00,,1225645.02
XXXX-XXXX-9876,2023-01-27,2023-01-27,INT CR/SB INTEREST,INT92187,,,Interest,AUTO,,45.75,1225690.77
XXXX-XXXX-9876,2023-02-01,2023-02-01,NEFT CR/Salary CREDIT/FEB 2023,NEFT2302S,Employer: TechNova Solutions,,Income,NEFT,,87739.39,1313430.16
XXXX-XXXX-9876,2023-02-03,2023-02-03,IMPS DR/RENT/HOME OWNER,IMPS915882,,,Housing,IMPS,23000.00,,1290430.16
XXXX-XXXX-9876,2023-02-07,2023-02-07,ELECTRICITY BILL/NDPL/ONLINE,EB50136,,,Utilities,NET,1950.00,,1288480.16
XXXX-XXXX-9876,2023-02-08,2023-02-08,WATER BILL/DJB/ONLINE,WB50397,,,Utilities,NET,420.00,,1288060.16
XXXX-XXXX-9876,2023-02-14,2023-02-14,CC Payment HDFC Regalia XXXX-4321,NACH508118,,,Debt Payment,NACH,17000.00,,1271060.16
XXXX-XXXX-9876,2023-02-05,2023-02-05,POS DR/BIGBASKET/DELHI,POS568492,BigBasket,5411,Groceries,POS,1580.00,,1269480.16
XXXX-XXXX-9876,2023-02-12,2023-02-12,POS DR/BIGBASKET/DELHI,POS559646,BigBasket,5411,Groceries,POS,1890.00,,1267590.16
XXXX-XXXX-9876,2023-02-19,2023-02-19,POS DR/BIGBASKET/DELHI,POS124510,BigBasket,5411,Groceries,POS,1350.00,,1266240.16
XXXX-XXXX-9876,2023-02-26,2023-02-26,POS DR/BIGBASKET/DELHI,POS748955,BigBasket,5411,Groceries,POS,1100.00,,1265140.16
XXXX-XXXX-9876,2023-02-15,2023-02-15,POS DR/IOCL FUEL PUMP/DELHI,POS346678,IOCL,5541,Transport,POS,2200.00,,1262940.16
XXXX-XXXX-9876,2023-02-28,2023-02-28,POS DR/IOCL FUEL PUMP/DELHI,POS977181,IOCL,5541,Transport,POS,2200.00,,1260740.16
XXXX-XXXX-9876,2023-02-10,2023-02-10,POS DR/SWIGGY/FOOD ORDER,POS212277,Swiggy,5814,Dining,POS,750.00,,1259990.16
XXXX-XXXX-9876,2023-02-22,2023-02-22,POS DR/SWIGGY/FOOD ORDER,POS234695,Swiggy,5814,Dining,POS,350.00,,1259640.16
XXXX-XXXX-9876,2023-02-18,2023-02-18,UPI CR/***@oksbi/Refund,UPI475993,,,Refund,UPI,,2500.00,1262140.16
XXXX-XXXX-9876,2023-02-10,2023-02-10,SI POS/NETFLIX.COM/Subscriptions,SI57884,,,Subscriptions,SI,649.00,,1261491.16
XXXX-XXXX-9876,2023-02-11,2023-02-11,UPI DR/AIRTEL PREPAID/***@okaxis,UPI196168,,,Telecom,UPI,399.00,,1261092.16
XXXX-XXXX-9876,2023-02-27,2023-02-27,INT CR/SB INTEREST,INT96126,,,Interest,AUTO,,45.75,1261137.91
XXXX-XXXX-9876,2023-03-01,2023-03-01,NEFT CR/Salary CREDIT/MAR 2023,NEFT2303S,Employer: TechNova Solutions,,Income,NEFT,,87739.39,1348877.30
XXXX-XXXX-9876,2023-03-03,2023-03-03,IMPS DR/RENT/HOME OWNER,IMPS142747,,,Housing,IMPS,23000.00,,1325877.30
XXXX-XXXX-9876,2023-03-07,2023-03-07,ELECTRICITY BILL/NDPL/ONLINE,EB15328,,,Utilities,NET,1750.00,,1324127.30
XXXX-XXXX-9876,2023-03-08,2023-03-08,WATER BILL/DJB/ONLINE,WB20779,,,Utilities,NET,480.00,,1323647.30
XXXX-XXXX-9876,2023-03-14,2023-03-14,CC Payment HDFC Regalia XXXX-4321,NACH156900,,,Debt Payment,NACH,11000.00,,1312647.30
XXXX-XXXX-9876,2023-03-05,2023-03-05,POS DR/BIGBASKET/DELHI,POS496217,BigBasket,5411,Groceries,POS,1890.00,,1310757.30
XXXX-XXXX-9876,2023-03-12,2023-03-12,POS DR/BIGBASKET/DELHI,POS127112,BigBasket,5411,Groceries,POS,1350.00,,1309407.30
XXXX-XXXX-9876,2023-03-19,2023-03-19,POS DR/BIGBASKET/DELHI,POS743955,BigBasket,5411,Groceries,POS,1100.00,,1308307.30
XXXX-XXXX-9876,2023-03-26,2023-03-26,POS DR/BIGBASKET/DELHI,POS303116,BigBasket,5411,Groceries,POS,1100.00,,1307207.30
XXXX-XXXX-9876,2023-03-15,2023-03-15,POS DR/HPCL FUEL PUMP/DELHI,POS401865,HPCL,5541,Transport,POS,2200.00,,1305007.30
XXXX-XXXX-9876,2023-03-28,2023-03-28,POS DR/HPCL FUEL PUMP/DELHI,POS168698,HPCL,5541,Transport,POS,1500.00,,1303507.30
XXXX-XXXX-9876,2023-03-18,2023-03-18,POS DR/SWIGGY/FOOD ORDER,POS266479,Swiggy,5814,Dining,POS,620.00,,1302887.30
XXXX-XXXX-9876,2023-03-26,2023-03-26,POS DR/SWIGGY/FOOD ORDER,POS743334,Swiggy,5814,Dining,POS,620.00,,1302267.30
XXXX-XXXX-9876,2023-03-18,2023-03-18,UPI CR/***@oksbi/Refund,UPI388350,,,Refund,UPI,,2500.00,1304767.30
XXXX-XXXX-9876,2023-03-10,2023-03-10,SI POS/NETFLIX.COM/Subscriptions,SI28818,,,Subscriptions,SI,649.00,,1304118.30
XXXX-XXXX-9876,2023-03-11,2023-03-11,UPI DR/AIRTEL PREPAID/***@okaxis,UPI366507,,,Telecom,UPI,399.00,,1303719.30
XXXX-XXXX-9876,2023-03-27,2023-03-27,INT CR/SB INTEREST,INT37305,,,Interest,AUTO,,45.75,1303765.05
XXXX-XXXX-9876,2023-04-01,2023-04-01,NEFT CR/Salary CREDIT/APR 2023,NEFT2304S,Employer: TechNova Solutions,,Income,NEFT,,87739.39,1391504.44
XXXX-XXXX-9876,2023-04-03,2023-04-03,IMPS DR/RENT/HOME OWNER,IMPS720639,,,Housing,IMPS,23000.00,,1368504.44
XXXX-XXXX-9876,2023-04-07,2023-04-07,ELECTRICITY BILL/NDPL/ONLINE,EB44454,,,Utilities,NET,1750.00,,1366754.44
XXXX-XXXX-9876,2023-04-08,2023-04-08,WATER BILL/DJB/ONLINE,WB51822,,,Utilities,NET,480.00,,1366274.44
XXXX-XXXX-9876,2023-04-14,2023-04-14,CC Payment HDFC Regalia XXXX-4321,NACH308605,,,Debt Payment,NACH,11000.00,,1355274.44
XXXX-XXXX-9876,2023-04-02,2023-04-02,POS DR/BIGBASKET/DELHI,POS523064,BigBasket,5411,Groceries,POS,1350.00,,1353924.44
XXXX-XXXX-9876,2023-04-09,2023-04-09,POS DR/BIGBASKET/DELHI,POS767493,BigBasket,5411,Groceries,POS,1350.00,,1352574.44
XXXX-XXXX-9876,2023-04-16,2023-04-16,POS DR/BIGBASKET/DELHI,POS812696,BigBasket,5411,Groceries,POS,1580.00,,1350994.44
XXXX-XXXX-9876,2023-04-23,2023-04-23,POS DR/BIGBASKET/DELHI,POS495146,BigBasket,5411,Groceries,POS,1580.00,,1349414.44
XXXX-XXXX-9876,2023-04-30,2023-04-30,POS DR/BIGBASKET/DELHI,POS930602,BigBasket,5411,Groceries,POS,1350.00,,1348064.44
XXXX-XXXX-9876,2023-04-15,2023-04-15,POS DR/IOCL FUEL PUMP/DELHI,POS905585,IOCL,5541,Transport,POS,1200.00,,1346864.44
XXXX-XXXX-9876,2023-04-28,2023-04-28,POS DR/BPCL FUEL PUMP/DELHI,POS767228,BPCL,5541,Transport,POS,1200.00,,1345664.44
XXXX-XXXX-9876,2023-04-18,2023-04-18,POS DR/SWIGGY/FOOD ORDER,POS646782,Swiggy,5814,Dining,POS,890.00,,1344774.44
XXXX-XXXX-9876,2023-04-21,2023-04-21,POS DR/SWIGGY/FOOD ORDER,POS822184,Swiggy,5814,Dining,POS,890.00,,1343884.44
XXXX-XXXX-9876,2023-04-18,2023-04-18,UPI CR/***@oksbi/Refund,UPI209690,,,Refund,UPI,,2000.00,1345884.44
XXXX-XXXX-9876,2023-04-10,2023-04-10,SI POS/NETFLIX.COM/Subscriptions,SI80215,,,Subscriptions,SI,649.00,,1345235.44
XXXX-XXXX-9876,2023-04-11,2023-04-11,UPI DR/AIRTEL PREPAID/***@okaxis,UPI760368,,,Telecom,UPI,399.00,,1344836.44
XXXX-XXXX-9876,2023-04-27,2023-04-27,INT CR/SB INTEREST,INT58688,,,Interest,AUTO,,45.75,1344882.19
XXXX-XXXX-9876,2023-05-01,2023-05-01,NEFT CR/Salary CREDIT/MAY 2023,NEFT2305S,Employer: TechNova Solutions,,Income,NEFT,,87739.39,1432621.58
XXXX-XXXX-9876,2023-05-03,2023-05-03,IMPS DR/RENT/HOME OWNER,IMPS377614,,,Housing,IMPS,23000.00,,1409621.58
XXXX-XXXX-9876,2023-05-07,2023-05-07,ELECTRICITY BILL/NDPL/ONLINE,EB59248,,,Utilities,NET,1850.00,,1407771.58
XXXX-XXXX-9876,2023-05-08,2023-05-08,WATER BILL/DJB/ONLINE,WB85675,,,Utilities,NET,420.00,,1407351.58
XXXX-XXXX-9876,2023-05-14,2023-05-14,CC Payment HDFC Regalia XXXX-4321,NACH446899,,,Debt Payment,NACH,15000.00,,1392351.58
XXXX-XXXX-9876,2023-05-21,2023-05-21,POS DR/BIGBASKET/DELHI,POS563765,BigBasket,5411,Groceries,POS,1100.00,,1391251.58
XXXX-XXXX-9876,2023-05-28,2023-05-28,POS DR/BIGBASKET/DELHI,POS285342,BigBasket,5411,Groceries,POS,1350.00,,1389901.58
XXXX-XXXX-9876,2023-05-15,2023-05-15,POS DR/BPCL FUEL PUMP/DELHI,POS410780,BPCL,5541,Transport,POS,1200.00,,1388701.58
XXXX-XXXX-9876,2023-05-28,2023-05-28,POS DR/BPCL FUEL PUMP/DELHI,POS425134,BPCL,5541,Transport,POS,1800.00,,1386901.58
XXXX-XXXX-9876,2023-05-25,2023-05-25,POS DR/SWIGGY/FOOD ORDER,POS868646,Swiggy,5814,Dining,POS,620.00,,1386281.58
XXXX-XXXX-9876,2023-05-27,2023-05-27,POS DR/SWIGGY/FOOD ORDER,POS883411,Swiggy,5814,Dining,POS,350.00,,1385931.58
XXXX-XXXX-9876,2023-05-18,2023-05-18,UPI CR/***@oksbi/Refund,UPI135434,,,Refund,UPI,,1500.00,1387431.58
XXXX-XXXX-9876,2023-05-10,2023-05-10,SI POS/NETFLIX.COM/Subscriptions,SI29577,,,Subscriptions,SI,649.00,,1386782.58
XXXX-XXXX-9876,2023-05-11,2023-05-11,UPI DR/AIRTEL PREPAID/***@okaxis,UPI405105,,,Telecom,UPI,399.00,,1386383.58
XXXX-XXXX-9876,2023-05-27,2023-05-27,INT CR/SB INTEREST,INT77197,,,Interest,AUTO,,45.75,1386429.33
XXXX-XXXX-9876,2023-06-01,2023-06-01,NEFT CR/Salary CREDIT/JUN 2023,NEFT2306S,Employer: TechNova Solutions,,Income,NEFT,,87739.39,1474168.72
XXXX-XXXX-9876,2023-06-03,2023-06-03,IMPS DR/RENT/HOME OWNER,IMPS481785,,,Housing,IMPS,23000.00,,1451168.72
XXXX-XXXX-9876,2023-06-07,2023-06-07,ELECTRICITY BILL/NDPL/ONLINE,EB16262,,,Utilities,NET,1750.00,,1449418.72
XXXX-XXXX-9876,2023-06-08,2023-06-08,WATER BILL/DJB/ONLINE,WB74014,,,Utilities,NET,420.00,,1448998.72
XXXX-XXXX-9876,2023-06-14,2023-06-14,CC Payment HDFC Regalia XXXX-4321,NACH123372,,,Debt Payment,NACH,11000.00,,1437998.72
XXXX-XXXX-9876,2023-06-04,2023-06-04,POS DR/BIGBASKET/DELHI,POS102742,BigBasket,5411,Groceries,POS,1100.00,,1436898.72
XXXX-XXXX-9876,2023-06-11,2023-06-11,POS DR/BIGBASKET/DELHI,POS472205,BigBasket,5411,Groceries,POS,1890.00,,1435008.72
XXXX-XXXX-9876,2023-06-18,2023-06-18,POS DR/BIGBASKET/DELHI,POS211529,BigBasket,5411,Groceries,POS,1580.00,,1433428.72
XXXX-XXXX-9876,2023-06-25,2023-06-25,POS DR/BIGBASKET/DELHI,POS474500,BigBasket,5411,Groceries,POS,1890.00,,1431538.72
XXXX-XXXX-9876,2023-06-15,2023-06-15,POS DR/BPCL FUEL PUMP/DELHI,POS533311,BPCL,5541,Transport,POS,1500.00,,1430038.72
XXXX-XXXX-9876,2023-06-28,2023-06-28,POS DR/BPCL FUEL PUMP/DELHI,POS717707,BPCL,5541,Transport,POS,1800.00,,1428238.72
XXXX-XXXX-9876,2023-06-09,2023-06-09,POS DR/SWIGGY/FOOD ORDER,POS754237,Swiggy,5814,Dining,POS,620.00,,1427618.72
XXXX-XXXX-9876,2023-06-11,2023-06-11,POS DR/SWIGGY/FOOD ORDER,POS266328,Swiggy,5814,Dining,POS,750.00,,1426868.72
XXXX-XXXX-9876,2023-06-18,2023-06-18,UPI CR/***@oksbi/Refund,UPI241294,,,Refund,UPI,,1000.00,1427868.72
XXXX-XXXX-9876,2023-06-10,2023-06-10,SI POS/NETFLIX.COM/Subscriptions,SI41927,,,Subscriptions,SI,649.00,,1427219.72
XXXX-XXXX-9876,2023-06-11,2023-06-11,UPI DR/AIRTEL PREPAID/***@okaxis,UPI841838,,,Telecom,UPI,399.00,,1426820.72
XXXX-XXXX-9876,2023-06-25,2023-06-25,POS DR/INDIGO AIRLINES/TICKET,POS769211,IndiGo,4511,Travel,POS,8200.00,,1418620.72
XXXX-XXXX-9876,2023-06-27,2023-06-27,BANK CHARGES/CONSOLIDATED,BNK97224,,,Bank Charges,NET,29.50,,1418591.22
XXXX-XXXX-9876,2023-07-01,2023-07-01,NEFT CR/Salary CREDIT/JUL 2023,NEFT2307S,Employer: TechNova Solutions,,Income,NEFT,,87739.39,1506330.61
XXXX-XXXX-9876,2023-07-03,2023-07-03,IMPS DR/RENT/HOME OWNER,IMPS920150,,,Housing,IMPS,23000.00,,1483330.61
XXXX-XXXX-9876,2023-07-07,2023-07-07,ELECTRICITY BILL/NDPL/ONLINE,EB45358,,,Utilities,NET,1950.00,,1481380.61
XXXX-XXXX-9876,2023-07-08,2023-07-08,WATER BILL/DJB/ONLINE,WB44634,,,Utilities,NET,350.00,,1481030.61
XXXX-XXXX-9876,2023-07-14,2023-07-14,CC Payment HDFC Regalia XXXX-4321,NACH776276,,,Debt Payment,NACH,11000.00,,1470030.61
XXXX-XXXX-9876,2023-07-02,2023-07-02,POS DR/BIGBASKET/DELHI,POS467350,BigBasket,5411,Groceries,POS,1890.00,,1468140.61
XXXX-XXXX-9876,2023-07-09,2023-07-09,POS DR/BIGBASKET/DELHI,POS776964,BigBasket,5411,Groceries,POS,1890.00,,1466250.61
XXXX-XXXX-9876,2023-07-16,2023-07-16,POS DR/BIGBASKET/DELHI,POS565310,BigBasket,5411,Groceries,POS,1890.00,,1464360.61
XXXX-XXXX-9876,2023-07-23,2023-07-23,POS DR/BIGBASKET/DELHI,POS642724,BigBasket,5411,Groceries,POS,1890.00,,1462470.61
XXXX-XXXX-9876,2023-07-30,2023-07-30,POS DR/BIGBASKET/DELHI,POS360568,BigBasket,5411,Groceries,POS,1725.00,,1460745.61
XXXX-XXXX-9876,2023-07-15,2023-07-15,POS DR/HPCL FUEL PUMP/DELHI,POS146139,HPCL,5541,Transport,POS,1200.00,,1459545.61
XXXX-XXXX-9876,2023-07-28,2023-07-28,POS DR/HPCL FUEL PUMP/DELHI,POS525710,HPCL,5541,Transport,POS,1200.00,,1458345.61
XXXX-XXXX-9876,2023-07-10,2023-07-10,POS DR/SWIGGY/FOOD ORDER,POS161215,Swiggy,5814,Dining,POS,480.00,,1457865.61
XXXX-XXXX-9876,2023-07-12,2023-07-12,POS DR/SWIGGY/FOOD ORDER,POS112950,Swiggy,5814,Dining,POS,350.00,,1457515.61
XXXX-XXXX-9876,2023-07-18,2023-07-18,UPI CR/***@oksbi/Refund,UPI742399,,,Refund,UPI,,1500.00,1459015.61
XXXX-XXXX-9876,2023-07-10,2023-07-10,SI POS/NETFLIX.COM/Subscriptions,SI28647,,,Subscriptions,SI,649.00,,1458366.61
XXXX-XXXX-9876,2023-07-11,2023-07-11,UPI DR/AIRTEL PREPAID/***@okaxis,UPI533248,,,Telecom,UPI,399.00,,1457967.61
XXXX-XXXX-9876,2023-07-25,2023-07-25,UPI DR/OLA CABS/***@okicici,UPI631573,Ola,4121,Transport,UPI,540.00,,1457427.61
XXXX-XXXX-9876,2023-07-27,2023-07-27,INT CR/SB INTEREST,INT64426,,,Interest,AUTO,,45.75,1457473.36
XXXX-XXXX-9876,2023-08-01,2023-08-01,NEFT CR/Salary CREDIT/AUG 2023,NEFT2308S,Employer: TechNova Solutions,,Income,NEFT,,87739.39,1545212.75
XXXX-XXXX-9876,2023-08-03,2023-08-03,IMPS DR/RENT/HOME OWNER,IMPS952891,,,Housing,IMPS,23000.00,,1522212.75
XXXX-XXXX-9876,2023-08-07,2023-08-07,ELECTRICITY BILL/NDPL/ONLINE,EB90371,,,Utilities,NET,1750.00,,1520462.75
XXXX-XXXX-9876,2023-08-08,2023-08-08,WATER BILL/DJB/ONLINE,WB76660,,,Utilities,NET,480.00,,1519982.75
XXXX-XXXX-9876,2023-08-14,2023-08-14,CC Payment HDFC Regalia XXXX-4321,NACH414851,,,Debt Payment,NACH,11000.00,,1508982.75
XXXX-XXXX-9876,2023-08-06,2023-08-06,POS DR/BIGBASKET/DELHI,POS859489,BigBasket,5411,Groceries,POS,1100.00,,1507882.75
XXXX-XXXX-9876,2023-08-13,2023-08-13,POS DR/BIGBASKET/DELHI,POS850149,BigBasket,5411,Groceries,POS,1725.00,,1506157.75
XXXX-XXXX-9876,2023-08-20,2023-08-20,POS DR/BIGBASKET/DELHI,POS106657,BigBasket,5411,Groceries,POS,1890.00,,1504267.75
XXXX-XXXX-9876,2023-08-27,2023-08-27,POS DR/BIGBASKET/DELHI,POS985451,BigBasket,5411,Groceries,POS,1725.00,,1502542.75
XXXX-XXXX-9876,2023-08-15,2023-08-15,POS DR/IOCL FUEL PUMP/DELHI,POS184387,IOCL,5541,Transport,POS,2200.00,,1500342.75
XXXX-XXXX-9876,2023-08-28,2023-08-28,POS DR/BPCL FUEL PUMP/DELHI,POS283911,BPCL,5541,Transport,POS,2200.00,,1498142.75
XXXX-XXXX-9876,2023-08-06,2023-08-06,POS DR/SWIGGY/FOOD ORDER,POS343580,Swiggy,5814,Dining,POS,620.00,,1497522.75
XXXX-XXXX-9876,2023-08-12,2023-08-12,POS DR/SWIGGY/FOOD ORDER,POS229254,Swiggy,5814,Dining,POS,350.00,,1497172.75
XXXX-XXXX-9876,2023-08-18,2023-08-18,UPI CR/***@oksbi/Refund,UPI451814,,,Refund,UPI,,2000.00,1499172.75
XXXX-XXXX-9876,2023-08-10,2023-08-10,SI POS/NETFLIX.COM/Subscriptions,SI16885,,,Subscriptions,SI,649.00,,1498523.75
XXXX-XXXX-9876,2023-08-11,2023-08-11,UPI DR/AIRTEL PREPAID/***@okaxis,UPI378908,,,Telecom,UPI,399.00,,1498124.75
XXXX-XXXX-9876,2023-08-27,2023-08-27,INT CR/SB INTEREST,INT99880,,,Interest,AUTO,,45.75,1498170.50
XXXX-XXXX-9876,2023-09-01,2023-09-01,NEFT CR/Salary CREDIT/SEP 2023,NEFT2309S,Employer: TechNova Solutions,,Income,NEFT,,87739.39,1585909.89
XXXX-XXXX-9876,2023-09-03,2023-09-03,IMPS DR/RENT/HOME OWNER,IMPS926749,,,Housing,IMPS,23000.00,,1562909.89
XXXX-XXXX-9876,2023-09-07,2023-09-07,ELECTRICITY BILL/NDPL/ONLINE,EB78582,,,Utilities,NET,1850.00,,1561059.89
XXXX-XXXX-9876,2023-09-08,2023-09-08,WATER BILL/DJB/ONLINE,WB48747,,,Utilities,NET,420.00,,1560639.89
XXXX-XXXX-9876,2023-09-14,2023-09-14,CC Payment HDFC Regalia XXXX-4321,NACH632077,,,Debt Payment,NACH,11000.00,,1549639.89
XXXX-XXXX-9876,2023-09-10,2023-09-10,POS DR/BIGBASKET/DELHI,POS278016,BigBasket,5411,Groceries,POS,1100.00,,1548539.89
XXXX-XXXX-9876,2023-09-17,2023-09-17,POS DR/BIGBASKET/DELHI,POS347578,BigBasket,5411,Groceries,POS,1580.00,,1546959.89
XXXX-XXXX-9876,2023-09-24,2023-09-24,POS DR/BIGBASKET/DELHI,POS266918,BigBasket,5411,Groceries,POS,1350.00,,1545609.89
XXXX-XXXX-9876,2023-09-15,2023-09-15,POS DR/BPCL FUEL PUMP/DELHI,POS301260,BPCL,5541,Transport,POS,1800.00,,1543809.89
XXXX-XXXX-9876,2023-09-28,2023-09-28,POS DR/IOCL FUEL PUMP/DELHI,POS730436,IOCL,5541,Transport,POS,1800.00,,1542009.89
XXXX-XXXX-9876,2023-09-12,2023-09-12,POS DR/SWIGGY/FOOD ORDER,POS592299,Swiggy,5814,Dining,POS,890.00,,1541119.89
XXXX-XXXX-9876,2023-09-19,2023-09-19,POS DR/SWIGGY/FOOD ORDER,POS980501,Swiggy,5814,Dining,POS,750.00,,1540369.89
XXXX-XXXX-9876,2023-09-18,2023-09-18,UPI CR/***@oksbi/Refund,UPI656393,,,Refund,UPI,,1000.00,1541369.89
XXXX-XXXX-9876,2023-09-10,2023-09-10,SI POS/NETFLIX.COM/Subscriptions,SI13475,,,Subscriptions,SI,649.00,,1540720.89
XXXX-XXXX-9876,2023-09-11,2023-09-11,UPI DR/AIRTEL PREPAID/***@okaxis,UPI558452,,,Telecom,UPI,399.00,,1540321.89
XXXX-XXXX-9876,2023-09-27,2023-09-27,BANK CHARGES/CONSOLIDATED,BNK50337,,,Bank Charges,NET,29.50,,1540292.39
XXXX-XXXX-9876,2023-10-01,2023-10-01,NEFT CR/Salary CREDIT/OCT 2023,NEFT2310S,Employer: TechNova Solutions,,Income,NEFT,,87739.39,1628031.78
XXXX-XXXX-9876,2023-10-03,2023-10-03,IMPS DR/RENT/HOME OWNER,IMPS927538,,,Housing,IMPS,23000.00,,1605031.78
XXXX-XXXX-9876,2023-10-07,2023-10-07,ELECTRICITY BILL/NDPL/ONLINE,EB37782,,,Utilities,NET,1950.00,,1603081.78
XXXX-XXXX-9876,2023-10-08,2023-10-08,WATER BILL/DJB/ONLINE,WB91608,,,Utilities,NET,350.00,,1602731.78
XXXX-XXXX-9876,2023-10-14,2023-10-14,CC Payment HDFC Regalia XXXX-4321,NACH251618,,,Debt Payment,NACH,13000.00,,1589731.78
XXXX-XXXX-9876,2023-10-15,2023-10-15,POS DR/BIGBASKET/DELHI,POS128209,BigBasket,5411,Groceries,POS,1100.00,,1588631.78
XXXX-XXXX-9876,2023-10-22,2023-10-22,POS DR/BIGBASKET/DELHI,POS211860,BigBasket,5411,Groceries,POS,1100.00,,1587531.78
XXXX-XXXX-9876,2023-10-29,2023-10-29,POS DR/BIGBASKET/DELHI,POS269671,BigBasket,5411,Groceries,POS,1890.00,,1585641.78
XXXX-XXXX-9876,2023-10-15,2023-10-15,POS DR/IOCL FUEL PUMP/DELHI,POS834778,IOCL,5541,Transport,POS,1500.00,,1584141.78
XXXX-XXXX-9876,2023-10-28,2023-10-28,POS DR/HPCL FUEL PUMP/DELHI,POS143672,HPCL,5541,Transport,POS,1200.00,,1582941.78
XXXX-XXXX-9876,2023-10-09,2023-10-09,POS DR/SWIGGY/FOOD ORDER,POS830865,Swiggy,5814,Dining,POS,350.00,,1582591.78
XXXX-XXXX-9876,2023-10-30,2023-10-30,POS DR/SWIGGY/FOOD ORDER,POS872575,Swiggy,5814,Dining,POS,350.00,,1582241.78
XXXX-XXXX-9876,2023-10-18,2023-10-18,UPI CR/***@oksbi/Refund,UPI148957,,,Refund,UPI,,1000.00,1583241.78
XXXX-XXXX-9876,2023-10-10,2023-10-10,SI POS/NETFLIX.COM/Subscriptions,SI87394,,,Subscriptions,SI,649.00,,1582592.78
XXXX-XXXX-9876,2023-10-11,2023-10-11,UPI DR/AIRTEL PREPAID/***@okaxis,UPI898772,,,Telecom,UPI,399.00,,1582193.78
XXXX-XXXX-9876,2023-10-27,2023-10-27,INT CR/SB INTEREST,INT79978,,,Interest,AUTO,,45.75,1582239.53
XXXX-XXXX-9876,2023-11-01,2023-11-01,NEFT CR/Salary CREDIT/NOV 2023,NEFT2311S,Employer: TechNova Solutions,,Income,NEFT,,91248.97,1673488.50
XXXX-XXXX-9876,2023-11-03,2023-11-03,IMPS DR/RENT/HOME OWNER,IMPS796425,,,Housing,IMPS,23000.00,,1650488.50
XXXX-XXXX-9876,2023-11-07,2023-11-07,ELECTRICITY BILL/NDPL/ONLINE,EB18643,,,Utilities,NET,1950.00,,1648538.50
XXXX-XXXX-9876,2023-11-08,2023-11-08,WATER BILL/DJB/ONLINE,WB24039,,,Utilities,NET,420.00,,1648118.50
XXXX-XXXX-9876,2023-11-14,2023-11-14,CC Payment HDFC Regalia XXXX-4321,NACH313029,,,Debt Payment,NACH,13000.00,,1635118.50
XXXX-XXXX-9876,2023-11-05,2023-11-05,POS DR/BIGBASKET/DELHI,POS135505,BigBasket,5411,Groceries,POS,1100.00,,1634018.50
XXXX-XXXX-9876,2023-11-12,2023-11-12,POS DR/BIGBASKET/DELHI,POS988895,BigBasket,5411,Groceries,POS,1100.00,,1632918.50
XXXX-XXXX-9876,2023-11-19,2023-11-19,POS DR/BIGBASKET/DELHI,POS965138,BigBasket,5411,Groceries,POS,1100.00,,1631818.50
XXXX-XXXX-9876,2023-11-26,2023-11-26,POS DR/BIGBASKET/DELHI,POS600291,BigBasket,5411,Groceries,POS,1580.00,,1630238.50
XXXX-XXXX-9876,2023-11-15,2023-11-15,POS DR/HPCL FUEL PUMP/DELHI,POS202615,HPCL,5541,Transport,POS,1500.00,,1628738.50
XXXX-XXXX-9876,2023-11-28,2023-11-28,POS DR/BPCL FUEL PUMP/DELHI,POS408763,BPCL,5541,Transport,POS,1500.00,,1627238.50
XXXX-XXXX-9876,2023-11-17,2023-11-17,POS DR/SWIGGY/FOOD ORDER,POS121934,Swiggy,5814,Dining,POS,620.00,,1626618.50
XXXX-XXXX-9876,2023-11-20,2023-11-20,POS DR/SWIGGY/FOOD ORDER,POS369171,Swiggy,5814,Dining,POS,620.00,,1625998.50
XXXX-XXXX-9876,2023-11-18,2023-11-18,UPI CR/***@oksbi/Refund,UPI396320,,,Refund,UPI,,1000.00,1626998.50
XXXX-XXXX-9876,2023-11-10,2023-11-10,SI POS/NETFLIX.COM/Subscriptions,SI58237,,,Subscriptions,SI,649.00,,1626349.50
XXXX-XXXX-9876,2023-11-11,2023-11-11,UPI DR/AIRTEL PREPAID/***@okaxis,UPI436412,,,Telecom,UPI,399.00,,1625950.50
XXXX-XXXX-9876,2023-11-27,2023-11-27,INT CR/SB INTEREST,INT72401,,,Interest,AUTO,,45.75,1625996.25
XXXX-XXXX-9876,2023-12-01,2023-12-01,NEFT CR/Salary CREDIT/DEC 2023,NEFT2312S,Employer: TechNova Solutions,,Income,NEFT,,91248.97,1717245.22
XXXX-XXXX-9876,2023-12-03,2023-12-03,IMPS DR/RENT/HOME OWNER,IMPS992733,,,Housing,IMPS,23000.00,,1694245.22
XXXX-XXXX-9876,2023-12-07,2023-12-07,ELECTRICITY BILL/NDPL/ONLINE,EB47702,,,Utilities,NET,1600.00,,1692645.22
XXXX-XXXX-9876,2023-12-08,2023-12-08,WATER BILL/DJB/ONLINE,WB64122,,,Utilities,NET,350.00,,1692295.22
XXXX-XXXX-9876,2023-12-14,2023-12-14,CC Payment HDFC Regalia XXXX-4321,NACH643814,,,Debt Payment,NACH,17000.00,,1675295.22
XXXX-XXXX-9876,2023-12-10,2023-12-10,POS DR/BIGBASKET/DELHI,POS463626,BigBasket,5411,Groceries,POS,1100.00,,1674195.22
XXXX-XXXX-9876,2023-12-17,2023-12-17,POS DR/BIGBASKET/DELHI,POS838889,BigBasket,5411,Groceries,POS,1725.00,,1672470.22
XXXX-XXXX-9876,2023-12-24,2023-12-24,POS DR/BIGBASKET/DELHI,POS664008,BigBasket,5411,Groceries,POS,1100.00,,1671370.22
XXXX-XXXX-9876,2023-12-31,2023-12-31,POS DR/BIGBASKET/DELHI,POS327094,BigBasket,5411,Groceries,POS,1890.00,,1669480.22
XXXX-XXXX-9876,2023-12-15,2023-12-15,POS DR/BPCL FUEL PUMP/DELHI,POS702449,BPCL,5541,Transport,POS,1200.00,,1668280.22
XXXX-XXXX-9876,2023-12-28,2023-12-28,POS DR/IOCL FUEL PUMP/DELHI,POS557239,IOCL,5541,Transport,POS,1500.00,,1666780.22
XXXX-XXXX-9876,2023-12-02,2023-12-02,POS DR/SWIGGY/FOOD ORDER,POS402340,Swiggy,5814,Dining,POS,480.00,,1666300.22
XXXX-XXXX-9876,2023-12-23,2023-12-23,POS DR/SWIGGY/FOOD ORDER,POS104573,Swiggy,5814,Dining,POS,350.00,,1665950.22
XXXX-XXXX-9876,2023-12-18,2023-12-18,UPI CR/***@oksbi/Refund,UPI464698,,,Refund,UPI,,2500.00,1668450.22
XXXX-XXXX-9876,2023-12-10,2023-12-10,SI POS/NETFLIX.COM/Subscriptions,SI22542,,,Subscriptions,SI,649.00,,1667801.22
XXXX-XXXX-9876,2023-12-11,2023-12-11,UPI DR/AIRTEL PREPAID/***@okaxis,UPI615358,,,Telecom,UPI,399.00,,1667402.22
XXXX-XXXX-9876,2023-12-27,2023-12-27,INT CR/SB INTEREST,INT74825,,,Interest,AUTO,,45.75,1667447.97
XXXX-XXXX-9876,2024-01-01,2024-01-01,NEFT CR/Salary CREDIT/JAN 2024,NEFT2401S,Employer: TechNova Solutions,,Income,NEFT,,91248.97,1758696.94
XXXX-XXXX-9876,2024-01-03,2024-01-03,IMPS DR/RENT/HOME OWNER,IMPS721338,,,Housing,IMPS,23000.00,,1735696.94
XXXX-XXXX-9876,2024-01-07,2024-01-07,ELECTRICITY BILL/NDPL/ONLINE,EB55506,,,Utilities,NET,1850.00,,1733846.94
XXXX-XXXX-9876,2024-01-08,2024-01-08,WATER BILL/DJB/ONLINE,WB85760,,,Utilities,NET,420.00,,1733426.94
XXXX-XXXX-9876,2024-01-14,2024-01-14,CC Payment HDFC Regalia XXXX-4321,NACH954842,,,Debt Payment,NACH,15000.00,,1718426.94
XXXX-XXXX-9876,2024-01-21,2024-01-21,POS DR/BIGBASKET/DELHI,POS833457,BigBasket,5411,Groceries,POS,1350.00,,1717076.94
XXXX-XXXX-9876,2024-01-28,2024-01-28,POS DR/BIGBASKET/DELHI,POS622521,BigBasket,5411,Groceries,POS,1350.00,,1715726.94
XXXX-XXXX-9876,2024-01-15,2024-01-15,POS DR/HPCL FUEL PUMP/DELHI,POS767451,HPCL,5541,Transport,POS,1200.00,,1714526.94
XXXX-XXXX-9876,2024-01-28,2024-01-28,POS DR/HPCL FUEL PUMP/DELHI,POS926187,HPCL,5541,Transport,POS,2200.00,,1712326.94
XXXX-XXXX-9876,2024-01-24,2024-01-24,POS DR/SWIGGY/FOOD ORDER,POS758434,Swiggy,5814,Dining,POS,350.00,,1711976.94
XXXX-XXXX-9876,2024-01-30,2024-01-30,POS DR/SWIGGY/FOOD ORDER,POS472891,Swiggy,5814,Dining,POS,620.00,,1711356.94
XXXX-XXXX-9876,2024-01-18,2024-01-18,UPI CR/***@oksbi/Refund,UPI199770,,,Refund,UPI,,2500.00,1713856.94
XXXX-XXXX-9876,2024-01-10,2024-01-10,SI POS/NETFLIX.COM/Subscriptions,SI61720,,,Subscriptions,SI,649.00,,1713207.94
XXXX-XXXX-9876,2024-01-11,2024-01-11,UPI DR/AIRTEL PREPAID/***@okaxis,UPI881419,,,Telecom,UPI,399.00,,1712808.94
XXXX-XXXX-9876,2024-01-25,2024-01-25,UPI DR/OLA CABS/***@okicici,UPI126396,Ola,4121,Transport,UPI,540.00,,1712268.94
XXXX-XXXX-9876,2024-01-27,2024-01-27,INT CR/SB INTEREST,INT49733,,,Interest,AUTO,,45.75,1712314.69
XXXX-XXXX-9876,2024-02-01,2024-02-01,NEFT CR/Salary CREDIT/FEB 2024,NEFT2402S,Employer: TechNova Solutions,,Income,NEFT,,91248.97,1803563.66
XXXX-XXXX-9876,2024-02-03,2024-02-03,IMPS DR/RENT/HOME OWNER,IMPS375980,,,Housing,IMPS,23000.00,,1780563.66
XXXX-XXXX-9876,2024-02-07,2024-02-07,ELECTRICITY BILL/NDPL/ONLINE,EB66106,,,Utilities,NET,1750.00,,1778813.66
XXXX-XXXX-9876,2024-02-08,2024-02-08,WATER BILL/DJB/ONLINE,WB59716,,,Utilities,NET,420.00,,1778393.66
XXXX-XXXX-9876,2024-02-14,2024-02-14,CC Payment HDFC Regalia XXXX-4321,NACH233043,,,Debt Payment,NACH,17000.00,,1761393.66
XXXX-XXXX-9876,2024-02-04,2024-02-04,POS DR/BIGBASKET/DELHI,POS722946,BigBasket,5411,Groceries,POS,1890.00,,1759503.66
XXXX-XXXX-9876,2024-02-11,2024-02-11,POS DR/BIGBASKET/DELHI,POS777694,BigBasket,5411,Groceries,POS,1890.00,,1757613.66
XXXX-XXXX-9876,2024-02-18,2024-02-18,POS DR/BIGBASKET/DELHI,POS465413,BigBasket,5411,Groceries,POS,1100.00,,1756513.66
XXXX-XXXX-9876,2024-02-25,2024-02-25,POS DR/BIGBASKET/DELHI,POS442528,BigBasket,5411,Groceries,POS,1890.00,,1754623.66
XXXX-XXXX-9876,2024-02-15,2024-02-15,POS DR/BPCL FUEL PUMP/DELHI,POS984060,BPCL,5541,Transport,POS,1500.00,,1753123.66
XXXX-XXXX-9876,2024-02-28,2024-02-28,POS DR/IOCL FUEL PUMP/DELHI,POS277786,IOCL,5541,Transport,POS,1800.00,,1751323.66
XXXX-XXXX-9876,2024-02-13,2024-02-13,POS DR/SWIGGY/FOOD ORDER,POS342246,Swiggy,5814,Dining,POS,890.00,,1750433.66
XXXX-XXXX-9876,2024-02-21,2024-02-21,POS DR/SWIGGY/FOOD ORDER,POS450280,Swiggy,5814,Dining,POS,480.00,,1749953.66
XXXX-XXXX-9876,2024-02-18,2024-02-18,UPI CR/***@oksbi/Refund,UPI584460,,,Refund,UPI,,1500.00,1751453.66
XXXX-XXXX-9876,2024-02-10,2024-02-10,SI POS/NETFLIX.COM/Subscriptions,SI76545,,,Subscriptions,SI,649.00,,1750804.66
XXXX-XXXX-9876,2024-02-11,2024-02-11,UPI DR/AIRTEL PREPAID/***@okaxis,UPI300879,,,Telecom,UPI,399.00,,1750405.66
XXXX-XXXX-9876,2024-02-25,2024-02-25,UPI DR/OLA CABS/***@okicici,UPI966673,Ola,4121,Transport,UPI,540.00,,1749865.66
XXXX-XXXX-9876,2024-02-27,2024-02-27,INT CR/SB INTEREST,INT30262,,,Interest,AUTO,,45.75,1749911.41
XXXX-XXXX-9876,2024-03-01,2024-03-01,NEFT CR/Salary CREDIT/MAR 2024,NEFT2403S,Employer: TechNova Solutions,,Income,NEFT,,91248.97,1841160.38
XXXX-XXXX-9876,2024-03-03,2024-03-03,IMPS DR/RENT/HOME OWNER,IMPS858472,,,Housing,IMPS,23000.00,,1818160.38
XXXX-XXXX-9876,2024-03-07,2024-03-07,ELECTRICITY BILL/NDPL/ONLINE,EB30445,,,Utilities,NET,1750.00,,1816410.38
XXXX-XXXX-9876,2024-03-08,2024-03-08,WATER BILL/DJB/ONLINE,WB52803,,,Utilities,NET,480.00,,1815930.38
XXXX-XXXX-9876,2024-03-14,2024-03-14,CC Payment HDFC Regalia XXXX-4321,NACH347687,,,Debt Payment,NACH,13000.00,,1802930.38
XXXX-XXXX-9876,2024-03-10,2024-03-10,POS DR/BIGBASKET/DELHI,POS298467,BigBasket,5411,Groceries,POS,1580.00,,1801350.38
XXXX-XXXX-9876,2024-03-17,2024-03-17,POS DR/BIGBASKET/DELHI,POS864131,BigBasket,5411,Groceries,POS,1580.00,,1799770.38
XXXX-XXXX-9876,2024-03-24,2024-03-24,POS DR/BIGBASKET/DELHI,POS272597,BigBasket,5411,Groceries,POS,1100.00,,1798670.38
XXXX-XXXX-9876,2024-03-31,2024-03-31,POS DR/BIGBASKET/DELHI,POS304925,BigBasket,5411,Groceries,POS,1100.00,,1797570.38
XXXX-XXXX-9876,2024-03-15,2024-03-15,POS DR/IOCL FUEL PUMP/DELHI,POS255523,IOCL,5541,Transport,POS,1500.00,,1796070.38
XXXX-XXXX-9876,2024-03-28,2024-03-28,POS DR/IOCL FUEL PUMP/DELHI,POS556049,IOCL,5541,Transport,POS,1800.00,,1794270.38
XXXX-XXXX-9876,2024-03-11,2024-03-11,POS DR/SWIGGY/FOOD ORDER,POS768971,Swiggy,5814,Dining,POS,350.00,,1793920.38
XXXX-XXXX-9876,2024-03-13,2024-03-13,POS DR/SWIGGY/FOOD ORDER,POS394444,Swiggy,5814,Dining,POS,350.00,,1793570.38
XXXX-XXXX-9876,2024-03-18,2024-03-18,UPI CR/***@oksbi/Refund,UPI316472,,,Refund,UPI,,2500.00,1796070.38
XXXX-XXXX-9876,2024-03-10,2024-03-10,SI POS/NETFLIX.COM/Subscriptions,SI70806,,,Subscriptions,SI,649.00,,1795421.38
XXXX-XXXX-9876,2024-03-11,2024-03-11,UPI DR/AIRTEL PREPAID/***@okaxis,UPI135579,,,Telecom,UPI,399.00,,1795022.38
XXXX-XXXX-9876,2024-03-25,2024-03-25,UPI DR/OLA CABS/***@okicici,UPI557732,Ola,4121,Transport,UPI,540.00,,1794482.38
XXXX-XXXX-9876,2024-03-27,2024-03-27,INT CR/SB INTEREST,INT75599,,,Interest,AUTO,,45.75,1794528.13
XXXX-XXXX-9876,2024-04-01,2024-04-01,NEFT CR/Salary CREDIT/APR 2024,NEFT2404S,Employer: TechNova Solutions,,Income,NEFT,,91248.97,1885777.10
XXXX-XXXX-9876,2024-04-03,2024-04-03,IMPS DR/RENT/HOME OWNER,IMPS763096,,,Housing,IMPS,23000.00,,1862777.10
XXXX-XXXX-9876,2024-04-07,2024-04-07,ELECTRICITY BILL/NDPL/ONLINE,EB48825,,,Utilities,NET,1950.00,,1860827.10
XXXX-XXXX-9876,2024-04-08,2024-04-08,WATER BILL/DJB/ONLINE,WB12898,,,Utilities,NET,420.00,,1860407.10
XXXX-XXXX-9876,2024-04-14,2024-04-14,CC Payment HDFC Regalia XXXX-4321,NACH733034,,,Debt Payment,NACH,15000.00,,1845407.10
XXXX-XXXX-9876,2024-04-21,2024-04-21,POS DR/BIGBASKET/DELHI,POS105785,BigBasket,5411,Groceries,POS,1725.00,,1843682.10
XXXX-XXXX-9876,2024-04-28,2024-04-28,POS DR/BIGBASKET/DELHI,POS994321,BigBasket,5411,Groceries,POS,1350.00,,1842332.10
XXXX-XXXX-9876,2024-04-15,2024-04-15,POS DR/IOCL FUEL PUMP/DELHI,POS987088,IOCL,5541,Transport,POS,2200.00,,1840132.10
XXXX-XXXX-9876,2024-04-28,2024-04-28,POS DR/HPCL FUEL PUMP/DELHI,POS812608,HPCL,5541,Transport,POS,1500.00,,1838632.10
XXXX-XXXX-9876,2024-04-10,2024-04-10,POS DR/SWIGGY/FOOD ORDER,POS575951,Swiggy,5814,Dining,POS,350.00,,1838282.10
XXXX-XXXX-9876,2024-04-27,2024-04-27,POS DR/SWIGGY/FOOD ORDER,POS428219,Swiggy,5814,Dining,POS,750.00,,1837532.10
XXXX-XXXX-9876,2024-04-18,2024-04-18,UPI CR/***@oksbi/Refund,UPI372428,,,Refund,UPI,,1000.00,1838532.10
XXXX-XXXX-9876,2024-04-10,2024-04-10,SI POS/NETFLIX.COM/Subscriptions,SI64995,,,Subscriptions,SI,649.00,,1837883.10
XXXX-XXXX-9876,2024-04-11,2024-04-11,UPI DR/AIRTEL PREPAID/***@okaxis,UPI354170,,,Telecom,UPI,399.00,,1837484.10
XXXX-XXXX-9876,2024-04-27,2024-04-27,INT CR/SB INTEREST,INT92524,,,Interest,AUTO,,45.75,1837529.85
XXXX-XXXX-9876,2024-05-01,2024-05-01,NEFT CR/Salary CREDIT/MAY 2024,NEFT2405S,Employer: TechNova Solutions,,Income,NEFT,,91248.97,1928778.82
XXXX-XXXX-9876,2024-05-03,2024-05-03,IMPS DR/RENT/HOME OWNER,IMPS264058,,,Housing,IMPS,23000.00,,1905778.82
XXXX-XXXX-9876,2024-05-07,2024-05-07,ELECTRICITY BILL/NDPL/ONLINE,EB42775,,,Utilities,NET,1950.00,,1903828.82
XXXX-XXXX-9876,2024-05-08,2024-05-08,WATER BILL/DJB/ONLINE,WB73274,,,Utilities,NET,520.00,,1903308.82
XXXX-XXXX-9876,2024-05-14,2024-05-14,CC Payment HDFC Regalia XXXX-4321,NACH751762,,,Debt Payment,NACH,11000.00,,1892308.82
XXXX-XXXX-9876,2024-05-05,2024-05-05,POS DR/BIGBASKET/DELHI,POS643426,BigBasket,5411,Groceries,POS,1725.00,,1890583.82
XXXX-XXXX-9876,2024-05-12,2024-05-12,POS DR/BIGBASKET/DELHI,POS786282,BigBasket,5411,Groceries,POS,1350.00,,1889233.82
XXXX-XXXX-9876,2024-05-19,2024-05-19,POS DR/BIGBASKET/DELHI,POS915980,BigBasket,5411,Groceries,POS,1580.00,,1887653.82
XXXX-XXXX-9876,2024-05-26,2024-05-26,POS DR/BIGBASKET/DELHI,POS507590,BigBasket,5411,Groceries,POS,1100.00,,1886553.82
XXXX-XXXX-9876,2024-05-15,2024-05-15,POS DR/IOCL FUEL PUMP/DELHI,POS139998,IOCL,5541,Transport,POS,1200.00,,1885353.82
XXXX-XXXX-9876,2024-05-28,2024-05-28,POS DR/IOCL FUEL PUMP/DELHI,POS268655,IOCL,5541,Transport,POS,1500.00,,1883853.82
XXXX-XXXX-9876,2024-05-11,2024-05-11,POS DR/SWIGGY/FOOD ORDER,POS465122,Swiggy,5814,Dining,POS,890.00,,1882963.82
XXXX-XXXX-9876,2024-05-30,2024-05-30,POS DR/SWIGGY/FOOD ORDER,POS988311,Swiggy,5814,Dining,POS,350.00,,1882613.82
XXXX-XXXX-9876,2024-05-18,2024-05-18,UPI CR/***@oksbi/Refund,UPI702470,,,Refund,UPI,,2500.00,1885113.82
XXXX-XXXX-9876,2024-05-10,2024-05-10,SI POS/NETFLIX.COM/Subscriptions,SI80914,,,Subscriptions,SI,649.00,,1884464.82
XXXX-XXXX-9876,2024-05-11,2024-05-11,UPI DR/AIRTEL PREPAID/***@okaxis,UPI314939,,,Telecom,UPI,399.00,,1884065.82
XXXX-XXXX-9876,2024-05-27,2024-05-27,INT CR/SB INTEREST,INT93789,,,Interest,AUTO,,45.75,1884111.57
XXXX-XXXX-9876,2024-06-01,2024-06-01,NEFT CR/Salary CREDIT/JUN 2024,NEFT2406S,Employer: TechNova Solutions,,Income,NEFT,,91248.97,1975360.54
XXXX-XXXX-9876,2024-06-03,2024-06-03,IMPS DR/RENT/HOME OWNER,IMPS931066,,,Housing,IMPS,23000.00,,1952360.54
XXXX-XXXX-9876,2024-06-07,2024-06-07,ELECTRICITY BILL/NDPL/ONLINE,EB58485,,,Utilities,NET,1850.00,,1950510.54
XXXX-XXXX-9876,2024-06-08,2024-06-08,WATER BILL/DJB/ONLINE,WB63785,,,Utilities,NET,520.00,,1949990.54
XXXX-XXXX-9876,2024-06-14,2024-06-14,CC Payment HDFC Regalia XXXX-4321,NACH817603,,,Debt Payment,NACH,13000.00,,1936990.54
XXXX-XXXX-9876,2024-06-02,2024-06-02,POS DR/BIGBASKET/DELHI,POS511558,BigBasket,5411,Groceries,POS,1350.00,,1935640.54
XXXX-XXXX-9876,2024-06-09,2024-06-09,POS DR/BIGBASKET/DELHI,POS899750,BigBasket,5411,Groceries,POS,1890.00,,1933750.54
XXXX-XXXX-9876,2024-06-16,2024-06-16,POS DR/BIGBASKET/DELHI,POS864523,BigBasket,5411,Groceries,POS,1100.00,,1932650.54
XXXX-XXXX-9876,2024-06-23,2024-06-23,POS DR/BIGBASKET/DELHI,POS472740,BigBasket,5411,Groceries,POS,1890.00,,1930760.54
XXXX-XXXX-9876,2024-06-30,2024-06-30,POS DR/BIGBASKET/DELHI,POS364721,BigBasket,5411,Groceries,POS,1100.00,,1929660.54
XXXX-XXXX-9876,2024-06-15,2024-06-15,POS DR/IOCL FUEL PUMP/DELHI,POS519099,IOCL,5541,Transport,POS,2200.00,,1927460.54
XXXX-XXXX-9876,2024-06-28,2024-06-28,POS DR/HPCL FUEL PUMP/DELHI,POS178837,HPCL,5541,Transport,POS,1200.00,,1926260.54
XXXX-XXXX-9876,2024-06-20,2024-06-20,POS DR/SWIGGY/FOOD ORDER,POS708357,Swiggy,5814,Dining,POS,620.00,,1925640.54
XXXX-XXXX-9876,2024-06-27,2024-06-27,POS DR/SWIGGY/FOOD ORDER,POS214565,Swiggy,5814,Dining,POS,620.00,,1925020.54
XXXX-XXXX-9876,2024-06-18,2024-06-18,UPI CR/***@oksbi/Refund,UPI335329,,,Refund,UPI,,2000.00,1927020.54
XXXX-XXXX-9876,2024-06-10,2024-06-10,SI POS/NETFLIX.COM/Subscriptions,SI62491,,,Subscriptions,SI,649.00,,1926371.54
XXXX-XXXX-9876,2024-06-11,2024-06-11,UPI DR/AIRTEL PREPAID/***@okaxis,UPI652679,,,Telecom,UPI,399.00,,1925972.54
XXXX-XXXX-9876,2024-06-27,2024-06-27,INT CR/SB INTEREST,INT61375,,,Interest,AUTO,,45.75,1926018.29
XXXX-XXXX-9876,2024-07-01,2024-07-01,NEFT CR/Salary CREDIT/JUL 2024,NEFT2407S,Employer: TechNova Solutions,,Income,NEFT,,91248.97,2017267.26
XXXX-XXXX-9876,2024-07-03,2024-07-03,IMPS DR/RENT/HOME OWNER,IMPS584564,,,Housing,IMPS,23000.00,,1994267.26
XXXX-XXXX-9876,2024-07-07,2024-07-07,ELECTRICITY BILL/NDPL/ONLINE,EB37788,,,Utilities,NET,1750.00,,1992517.26
XXXX-XXXX-9876,2024-07-08,2024-07-08,WATER BILL/DJB/ONLINE,WB26947,,,Utilities,NET,350.00,,1992167.26
XXXX-XXXX-9876,2024-07-14,2024-07-14,CC Payment HDFC Regalia XXXX-4321,NACH591948,,,Debt Payment,NACH,13000.00,,1979167.26
XXXX-XXXX-9876,2024-07-21,2024-07-21,POS DR/BIGBASKET/DELHI,POS855713,BigBasket,5411,Groceries,POS,1890.00,,1977277.26
XXXX-XXXX-9876,2024-07-28,2024-07-28,POS DR/BIGBASKET/DELHI,POS954211,BigBasket,5411,Groceries,POS,1350.00,,1975927.26
XXXX-XXXX-9876,2024-07-15,2024-07-15,POS DR/HPCL FUEL PUMP/DELHI,POS798391,HPCL,5541,Transport,POS,1800.00,,1974127.26
XXXX-XXXX-9876,2024-07-28,2024-07-28,POS DR/BPCL FUEL PUMP/DELHI,POS590839,BPCL,5541,Transport,POS,2200.00,,1971927.26
XXXX-XXXX-9876,2024-07-16,2024-07-16,POS DR/SWIGGY/FOOD ORDER,POS917728,Swiggy,5814,Dining,POS,480.00,,1971447.26
XXXX-XXXX-9876,2024-07-24,2024-07-24,POS DR/SWIGGY/FOOD ORDER,POS471978,Swiggy,5814,Dining,POS,750.00,,1970697.26
XXXX-XXXX-9876,2024-07-18,2024-07-18,UPI CR/***@oksbi/Refund,UPI921657,,,Refund,UPI,,1500.00,1972197.26
XXXX-XXXX-9876,2024-07-10,2024-07-10,SI POS/NETFLIX.COM/Subscriptions,SI45051,,,Subscriptions,SI,649.00,,1971548.26
XXXX-XXXX-9876,2024-07-11,2024-07-11,UPI DR/AIRTEL PREPAID/***@okaxis,UPI838407,,,Telecom,UPI,399.00,,1971149.26
XXXX-XXXX-9876,2024-07-27,2024-07-27,BANK CHARGES/CONSOLIDATED,BNK65850,,,Bank Charges,NET,29.50,,1971119.76
XXXX-XXXX-9876,2024-08-01,2024-08-01,NEFT CR/Salary CREDIT/AUG 2024,NEFT2408S,Employer: TechNova Solutions,,Income,NEFT,,91248.97,2062368.73
XXXX-XXXX-9876,2024-08-03,2024-08-03,IMPS DR/RENT/HOME OWNER,IMPS811792,,,Housing,IMPS,23000.00,,2039368.73
XXXX-XXXX-9876,2024-08-07,2024-08-07,ELECTRICITY BILL/NDPL/ONLINE,EB34364,,,Utilities,NET,1950.00,,2037418.73
XXXX-XXXX-9876,2024-08-08,2024-08-08,WATER BILL/DJB/ONLINE,WB10353,,,Utilities,NET,480.00,,2036938.73
XXXX-XXXX-9876,2024-08-14,2024-08-14,CC Payment HDFC Regalia XXXX-4321,NACH356866,,,Debt Payment,NACH,15000.00,,2021938.73
XXXX-XXXX-9876,2024-08-04,2024-08-04,POS DR/BIGBASKET/DELHI,POS435880,BigBasket,5411,Groceries,POS,1580.00,,2020358.73
XXXX-XXXX-9876,2024-08-11,2024-08-11,POS DR/BIGBASKET/DELHI,POS608474,BigBasket,5411,Groceries,POS,1725.00,,2018633.73
XXXX-XXXX-9876,2024-08-18,2024-08-18,POS DR/BIGBASKET/DELHI,POS753644,BigBasket,5411,Groceries,POS,1725.00,,2016908.73
XXXX-XXXX-9876,2024-08-25,2024-08-25,POS DR/BIGBASKET/DELHI,POS791288,BigBasket,5411,Groceries,POS,1100.00,,2015808.73
XXXX-XXXX-9876,2024-08-15,2024-08-15,POS DR/IOCL FUEL PUMP/DELHI,POS417895,IOCL,5541,Transport,POS,1500.00,,2014308.73
XXXX-XXXX-9876,2024-08-28,2024-08-28,POS DR/IOCL FUEL PUMP/DELHI,POS189422,IOCL,5541,Transport,POS,1200.00,,2013108.73
XXXX-XXXX-9876,2024-08-17,2024-08-17,POS DR/SWIGGY/FOOD ORDER,POS656424,Swiggy,5814,Dining,POS,480.00,,2012628.73
XXXX-XXXX-9876,2024-08-25,2024-08-25,POS DR/SWIGGY/FOOD ORDER,POS763918,Swiggy,5814,Dining,POS,620.00,,2012008.73
XXXX-XXXX-9876,2024-08-18,2024-08-18,UPI CR/***@oksbi/Refund,UPI710748,,,Refund,UPI,,1000.00,2013008.73
XXXX-XXXX-9876,2024-08-10,2024-08-10,SI POS/NETFLIX.COM/Subscriptions,SI96154,,,Subscriptions,SI,649.00,,2012359.73
XXXX-XXXX-9876,2024-08-11,2024-08-11,UPI DR/AIRTEL PREPAID/***@okaxis,UPI112036,,,Telecom,UPI,399.00,,2011960.73
XXXX-XXXX-9876,2024-08-25,2024-08-25,POS DR/INDIGO AIRLINES/TICKET,POS407224,IndiGo,4511,Travel,POS,8200.00,,2003760.73
XXXX-XXXX-9876,2024-08-27,2024-08-27,BANK CHARGES/CONSOLIDATED,BNK23305,,,Bank Charges,NET,29.50,,2003731.23
XXXX-XXXX-9876,2024-09-01,2024-09-01,NEFT CR/Salary CREDIT/SEP 2024,NEFT2409S,Employer: TechNova Solutions,,Income,NEFT,,91248.97,2094980.20
XXXX-XXXX-9876,2024-09-03,2024-09-03,IMPS DR/RENT/HOME OWNER,IMPS706587,,,Housing,IMPS,23000.00,,2071980.20
XXXX-XXXX-9876,2024-09-07,2024-09-07,ELECTRICITY BILL/NDPL/ONLINE,EB28708,,,Utilities,NET,1750.00,,2070230.20
XXXX-XXXX-9876,2024-09-08,2024-09-08,WATER BILL/DJB/ONLINE,WB34335,,,Utilities,NET,520.00,,2069710.20
XXXX-XXXX-9876,2024-09-14,2024-09-14,CC Payment HDFC Regalia XXXX-4321,NACH923011,,,Debt Payment,NACH,15000.00,,2054710.20
XXXX-XXXX-9876,2024-09-15,2024-09-15,POS DR/BIGBASKET/DELHI,POS318670,BigBasket,5411,Groceries,POS,1350.00,,2053360.20
XXXX-XXXX-9876,2024-09-22,2024-09-22,POS DR/BIGBASKET/DELHI,POS930130,BigBasket,5411,Groceries,POS,1725.00,,2051635.20
XXXX-XXXX-9876,2024-09-29,2024-09-29,POS DR/BIGBASKET/DELHI,POS276069,BigBasket,5411,Groceries,POS,1890.00,,2049745.20
XXXX-XXXX-9876,2024-09-15,2024-09-15,POS DR/BPCL FUEL PUMP/DELHI,POS800928,BPCL,5541,Transport,POS,1200.00,,2048545.20
XXXX-XXXX-9876,2024-09-28,2024-09-28,POS DR/BPCL FUEL PUMP/DELHI,POS306957,BPCL,5541,Transport,POS,1800.00,,2046745.20
XXXX-XXXX-9876,2024-09-22,2024-09-22,POS DR/SWIGGY/FOOD ORDER,POS656579,Swiggy,5814,Dining,POS,480.00,,2046265.20
XXXX-XXXX-9876,2024-09-30,2024-09-30,POS DR/SWIGGY/FOOD ORDER,POS877951,Swiggy,5814,Dining,POS,350.00,,2045915.20
XXXX-XXXX-9876,2024-09-18,2024-09-18,UPI CR/***@oksbi/Refund,UPI980048,,,Refund,UPI,,2500.00,2048415.20
XXXX-XXXX-9876,2024-09-10,2024-09-10,SI POS/NETFLIX.COM/Subscriptions,SI97979,,,Subscriptions,SI,649.00,,2047766.20
XXXX-XXXX-9876,2024-09-11,2024-09-11,UPI DR/AIRTEL PREPAID/***@okaxis,UPI222663,,,Telecom,UPI,399.00,,2047367.20
XXXX-XXXX-9876,2024-09-27,2024-09-27,BANK CHARGES/CONSOLIDATED,BNK40693,,,Bank Charges,NET,29.50,,2047337.70
XXXX-XXXX-9876,2024-10-01,2024-10-01,NEFT CR/Salary CREDIT/OCT 2024,NEFT2410S,Employer: TechNova Solutions,,Income,NEFT,,91248.97,2138586.67
XXXX-XXXX-9876,2024-10-03,2024-10-03,IMPS DR/RENT/HOME OWNER,IMPS967228,,,Housing,IMPS,23000.00,,2115586.67
XXXX-XXXX-9876,2024-10-07,2024-10-07,ELECTRICITY BILL/NDPL/ONLINE,EB28263,,,Utilities,NET,1950.00,,2113636.67
XXXX-XXXX-9876,2024-10-08,2024-10-08,WATER BILL/DJB/ONLINE,WB74628,,,Utilities,NET,350.00,,2113286.67
XXXX-XXXX-9876,2024-10-14,2024-10-14,CC Payment HDFC Regalia XXXX-4321,NACH589783,,,Debt Payment,NACH,17000.00,,2096286.67
XXXX-XXXX-9876,2024-10-06,2024-10-06,POS DR/BIGBASKET/DELHI,POS834445,BigBasket,5411,Groceries,POS,1350.00,,2094936.67
XXXX-XXXX-9876,2024-10-13,2024-10-13,POS DR/BIGBASKET/DELHI,POS358543,BigBasket,5411,Groceries,POS,1725.00,,2093211.67
XXXX-XXXX-9876,2024-10-20,2024-10-20,POS DR/BIGBASKET/DELHI,POS272612,BigBasket,5411,Groceries,POS,1725.00,,2091486.67
XXXX-XXXX-9876,2024-10-27,2024-10-27,POS DR/BIGBASKET/DELHI,POS728727,BigBasket,5411,Groceries,POS,1890.00,,2089596.67
XXXX-XXXX-9876,2024-10-15,2024-10-15,POS DR/BPCL FUEL PUMP/DELHI,POS268146,BPCL,5541,Transport,POS,1200.00,,2088396.67
XXXX-XXXX-9876,2024-10-28,2024-10-28,POS DR/IOCL FUEL PUMP/DELHI,POS829688,IOCL,5541,Transport,POS,2200.00,,2086196.67
XXXX-XXXX-9876,2024-10-22,2024-10-22,POS DR/SWIGGY/FOOD ORDER,POS981397,Swiggy,5814,Dining,POS,620.00,,2085576.67
XXXX-XXXX-9876,2024-10-25,2024-10-25,POS DR/SWIGGY/FOOD ORDER,POS493171,Swiggy,5814,Dining,POS,750.00,,2084826.67
XXXX-XXXX-9876,2024-10-18,2024-10-18,UPI CR/***@oksbi/Refund,UPI546498,,,Refund,UPI,,2500.00,2087326.67
XXXX-XXXX-9876,2024-10-10,2024-10-10,SI POS/NETFLIX.COM/Subscriptions,SI98597,,,Subscriptions,SI,649.00,,2086677.67
XXXX-XXXX-9876,2024-10-11,2024-10-11,UPI DR/AIRTEL PREPAID/***@okaxis,UPI179058,,,Telecom,UPI,399.00,,2086278.67
XXXX-XXXX-9876,2024-10-25,2024-10-25,POS DR/INDIGO AIRLINES/TICKET,POS777926,IndiGo,4511,Travel,POS,8200.00,,2078078.67
XXXX-XXXX-9876,2024-10-27,2024-10-27,BANK CHARGES/CONSOLIDATED,BNK89911,,,Bank Charges,NET,29.50,,2078049.17
XXXX-XXXX-9876,2024-11-01,2024-11-01,NEFT CR/Salary CREDIT/NOV 2024,NEFT2411S,Employer: TechNova Solutions,,Income,NEFT,,94898.93,2172948.10
XXXX-XXXX-9876,2024-11-03,2024-11-03,IMPS DR/RENT/HOME OWNER,IMPS148098,,,Housing,IMPS,23000.00,,2149948.10
XXXX-XXXX-9876,2024-11-07,2024-11-07,ELECTRICITY BILL/NDPL/ONLINE,EB99468,,,Utilities,NET,1850.00,,2148098.10
XXXX-XXXX-9876,2024-11-08,2024-11-08,WATER BILL/DJB/ONLINE,WB22317,,,Utilities,NET,520.00,,2147578.10
XXXX-XXXX-9876,2024-11-14,2024-11-14,CC Payment HDFC Regalia XXXX-4321,NACH893952,,,Debt Payment,NACH,17000.00,,2130578.10
XXXX-XXXX-9876,2024-11-10,2024-11-10,POS DR/BIGBASKET/DELHI,POS135543,BigBasket,5411,Groceries,POS,1350.00,,2129228.10
XXXX-XXXX-9876,2024-11-17,2024-11-17,POS DR/BIGBASKET/DELHI,POS853070,BigBasket,5411,Groceries,POS,1350.00,,2127878.10
XXXX-XXXX-9876,2024-11-24,2024-11-24,POS DR/BIGBASKET/DELHI,POS755651,BigBasket,5411,Groceries,POS,1725.00,,2126153.10
XXXX-XXXX-9876,2024-11-15,2024-11-15,POS DR/HPCL FUEL PUMP/DELHI,POS199054,HPCL,5541,Transport,POS,1800.00,,2124353.10
XXXX-XXXX-9876,2024-11-28,2024-11-28,POS DR/BPCL FUEL PUMP/DELHI,POS457890,BPCL,5541,Transport,POS,1800.00,,2122553.10
XXXX-XXXX-9876,2024-11-22,2024-11-22,POS DR/SWIGGY/FOOD ORDER,POS908005,Swiggy,5814,Dining,POS,890.00,,2121663.10
XXXX-XXXX-9876,2024-11-23,2024-11-23,POS DR/SWIGGY/FOOD ORDER,POS397953,Swiggy,5814,Dining,POS,480.00,,2121183.10
XXXX-XXXX-9876,2024-11-18,2024-11-18,UPI CR/***@oksbi/Refund,UPI556329,,,Refund,UPI,,2000.00,2123183.10
XXXX-XXXX-9876,2024-11-10,2024-11-10,SI POS/NETFLIX.COM/Subscriptions,SI65363,,,Subscriptions,SI,649.00,,2122534.10
XXXX-XXXX-9876,2024-11-11,2024-11-11,UPI DR/AIRTEL PREPAID/***@okaxis,UPI363792,,,Telecom,UPI,399.00,,2122135.10
XXXX-XXXX-9876,2024-11-27,2024-11-27,INT CR/SB INTEREST,INT48388,,,Interest,AUTO,,45.75,2122180.85
XXXX-XXXX-9876,2024-12-01,2024-12-01,NEFT CR/Salary CREDIT/DEC 2024,NEFT2412S,Employer: TechNova Solutions,,Income,NEFT,,94898.93,2217079.78
XXXX-XXXX-9876,2024-12-03,2024-12-03,IMPS DR/RENT/HOME OWNER,IMPS472431,,,Housing,IMPS,23000.00,,2194079.78
XXXX-XXXX-9876,2024-12-07,2024-12-07,ELECTRICITY BILL/NDPL/ONLINE,EB74714,,,Utilities,NET,1950.00,,2192129.78
XXXX-XXXX-9876,2024-12-08,2024-12-08,WATER BILL/DJB/ONLINE,WB53741,,,Utilities,NET,480.00,,2191649.78
XXXX-XXXX-9876,2024-12-14,2024-12-14,CC Payment HDFC Regalia XXXX-4321,NACH313418,,,Debt Payment,NACH,15000.00,,2176649.78
XXXX-XXXX-9876,2024-12-15,2024-12-15,POS DR/BIGBASKET/DELHI,POS930420,BigBasket,5411,Groceries,POS,1725.00,,2174924.78
XXXX-XXXX-9876,2024-12-22,2024-12-22,POS DR/BIGBASKET/DELHI,POS446969,BigBasket,5411,Groceries,POS,1100.00,,2173824.78
XXXX-XXXX-9876,2024-12-29,2024-12-29,POS DR/BIGBASKET/DELHI,POS432497,BigBasket,5411,Groceries,POS,1350.00,,2172474.78
XXXX-XXXX-9876,2024-12-15,2024-12-15,POS DR/BPCL FUEL PUMP/DELHI,POS233767,BPCL,5541,Transport,POS,1800.00,,2170674.78
XXXX-XXXX-9876,2024-12-28,2024-12-28,POS DR/BPCL FUEL PUMP/DELHI,POS922309,BPCL,5541,Transport,POS,1200.00,,2169474.78
XXXX-XXXX-9876,2024-12-04,2024-12-04,POS DR/SWIGGY/FOOD ORDER,POS525752,Swiggy,5814,Dining,POS,890.00,,2168584.78
XXXX-XXXX-9876,2024-12-19,2024-12-19,POS DR/SWIGGY/FOOD ORDER,POS701928,Swiggy,5814,Dining,POS,890.00,,2167694.78
XXXX-XXXX-9876,2024-12-18,2024-12-18,UPI CR/***@oksbi/Refund,UPI152113,,,Refund,UPI,,2500.00,2170194.78
XXXX-XXXX-9876,2024-12-10,2024-12-10,SI POS/NETFLIX.COM/Subscriptions,SI49374,,,Subscriptions,SI,649.00,,2169545.78
XXXX-XXXX-9876,2024-12-11,2024-12-11,UPI DR/AIRTEL PREPAID/***@okaxis,UPI213771,,,Telecom,UPI,399.00,,2169146.78
XXXX-XXXX-9876,2024-12-25,2024-12-25,POS DR/INDIGO AIRLINES/TICKET,POS598129,IndiGo,4511,Travel,POS,8200.00,,2160946.78
XXXX-XXXX-9876,2024-12-27,2024-12-27,INT CR/SB INTEREST,INT96247,,,Interest,AUTO,,45.75,2160992.53
XXXX-XXXX-9876,2025-01-01,2025-01-01,NEFT CR/Salary CREDIT/JAN 2025,NEFT2501S,Employer: TechNova Solutions,,Income,NEFT,,94898.93,2255891.46
XXXX-XXXX-9876,2025-01-03,2025-01-03,IMPS DR/RENT/HOME OWNER,IMPS163070,,,Housing,IMPS,23000.00,,2232891.46
XXXX-XXXX-9876,2025-01-07,2025-01-07,ELECTRICITY BILL/NDPL/ONLINE,EB75646,,,Utilities,NET,1950.00,,2230941.46
XXXX-XXXX-9876,2025-01-08,2025-01-08,WATER BILL/DJB/ONLINE,WB90831,,,Utilities,NET,420.00,,2230521.46
XXXX-XXXX-9876,2025-01-14,2025-01-14,CC Payment HDFC Regalia XXXX-4321,NACH322823,,,Debt Payment,NACH,11000.00,,2219521.46
XXXX-XXXX-9876,2025-01-05,2025-01-05,POS DR/BIGBASKET/DELHI,POS799402,BigBasket,5411,Groceries,POS,1100.00,,2218421.46
XXXX-XXXX-9876,2025-01-12,2025-01-12,POS DR/BIGBASKET/DELHI,POS755651,BigBasket,5411,Groceries,POS,1725.00,,2216696.46
XXXX-XXXX-9876,2025-01-19,2025-01-19,POS DR/BIGBASKET/DELHI,POS206285,BigBasket,5411,Groceries,POS,1350.00,,2215346.46
XXXX-XXXX-9876,2025-01-26,2025-01-26,POS DR/BIGBASKET/DELHI,POS138773,BigBasket,5411,Groceries,POS,1350.00,,2213996.46
XXXX-XXXX-9876,2025-01-15,2025-01-15,POS DR/IOCL FUEL PUMP/DELHI,POS787569,IOCL,5541,Transport,POS,1200.00,,2212796.46
XXXX-XXXX-9876,2025-01-28,2025-01-28,POS DR/HPCL FUEL PUMP/DELHI,POS962569,HPCL,5541,Transport,POS,1800.00,,2210996.46
XXXX-XXXX-9876,2025-01-09,2025-01-09,POS DR/SWIGGY/FOOD ORDER,POS844628,Swiggy,5814,Dining,POS,890.00,,2210106.46
XXXX-XXXX-9876,2025-01-16,2025-01-16,POS DR/SWIGGY/FOOD ORDER,POS416712,Swiggy,5814,Dining,POS,620.00,,2209486.46
XXXX-XXXX-9876,2025-01-18,2025-01-18,UPI CR/***@oksbi/Refund,UPI293752,,,Refund,UPI,,2500.00,2211986.46
XXXX-XXXX-9876,2025-01-10,2025-01-10,SI POS/NETFLIX.COM/Subscriptions,SI14488,,,Subscriptions,SI,649.00,,2211337.46
XXXX-XXXX-9876,2025-01-11,2025-01-11,UPI DR/AIRTEL PREPAID/***@okaxis,UPI433947,,,Telecom,UPI,399.00,,2210938.46
XXXX-XXXX-9876,2025-01-25,2025-01-25,UPI DR/OLA CABS/***@okicici,UPI706369,Ola,4121,Transport,UPI,540.00,,2210398.46
XXXX-XXXX-9876,2025-01-27,2025-01-27,INT CR/SB INTEREST,INT17158,,,Interest,AUTO,,45.75,2210444.21
XXXX-XXXX-9876,2025-02-01,2025-02-01,NEFT CR/Salary CREDIT/FEB 2025,NEFT2502S,Employer: TechNova Solutions,,Income,NEFT,,94898.93,2305343.14
XXXX-XXXX-9876,2025-02-03,2025-02-03,IMPS DR/RENT/HOME OWNER,IMPS621944,,,Housing,IMPS,23000.00,,2282343.14
XXXX-XXXX-9876,2025-02-07,2025-02-07,ELECTRICITY BILL/NDPL/ONLINE,EB84384,,,Utilities,NET,1600.00,,2280743.14
XXXX-XXXX-9876,2025-02-08,2025-02-08,WATER BILL/DJB/ONLINE,WB25577,,,Utilities,NET,520.00,,2280223.14
XXXX-XXXX-9876,2025-02-14,2025-02-14,CC Payment HDFC Regalia XXXX-4321,NACH568159,,,Debt Payment,NACH,17000.00,,2263223.14
XXXX-XXXX-9876,2025-02-02,2025-02-02,POS DR/BIGBASKET/DELHI,POS114816,BigBasket,5411,Groceries,POS,1100.00,,2262123.14
XXXX-XXXX-9876,2025-02-09,2025-02-09,POS DR/BIGBASKET/DELHI,POS722710,BigBasket,5411,Groceries,POS,1725.00,,2260398.14
XXXX-XXXX-9876,2025-02-16,2025-02-16,POS DR/BIGBASKET/DELHI,POS791428,BigBasket,5411,Groceries,POS,1890.00,,2258508.14
XXXX-XXXX-9876,2025-02-23,2025-02-23,POS DR/BIGBASKET/DELHI,POS598543,BigBasket,5411,Groceries,POS,1350.00,,2257158.14
XXXX-XXXX-9876,2025-02-15,2025-02-15,POS DR/IOCL FUEL PUMP/DELHI,POS186952,IOCL,5541,Transport,POS,1200.00,,2255958.14
XXXX-XXXX-9876,2025-02-28,2025-02-28,POS DR/BPCL FUEL PUMP/DELHI,POS322588,BPCL,5541,Transport,POS,2200.00,,2253758.14
XXXX-XXXX-9876,2025-02-02,2025-02-02,POS DR/SWIGGY/FOOD ORDER,POS105015,Swiggy,5814,Dining,POS,750.00,,2253008.14
XXXX-XXXX-9876,2025-02-09,2025-02-09,POS DR/SWIGGY/FOOD ORDER,POS816975,Swiggy,5814,Dining,POS,350.00,,2252658.14
XXXX-XXXX-9876,2025-02-18,2025-02-18,UPI CR/***@oksbi/Refund,UPI801881,,,Refund,UPI,,1000.00,2253658.14
XXXX-XXXX-9876,2025-02-10,2025-02-10,SI POS/NETFLIX.COM/Subscriptions,SI21552,,,Subscriptions,SI,649.00,,2253009.14
XXXX-XXXX-9876,2025-02-11,2025-02-11,UPI DR/AIRTEL PREPAID/***@okaxis,UPI328846,,,Telecom,UPI,399.00,,2252610.14
XXXX-XXXX-9876,2025-02-27,2025-02-27,BANK CHARGES/CONSOLIDATED,BNK12330,,,Bank Charges,NET,29.50,,2252580.64
XXXX-XXXX-9876,2025-03-01,2025-03-01,NEFT CR/Salary CREDIT/MAR 2025,NEFT2503S,Employer: TechNova Solutions,,Income,NEFT,,94898.93,2347479.57
XXXX-XXXX-9876,2025-03-03,2025-03-03,IMPS DR/RENT/HOME OWNER,IMPS388825,,,Housing,IMPS,23000.00,,2324479.57
XXXX-XXXX-9876,2025-03-07,2025-03-07,ELECTRICITY BILL/NDPL/ONLINE,EB84578,,,Utilities,NET,1750.00,,2322729.57
XXXX-XXXX-9876,2025-03-08,2025-03-08,WATER BILL/DJB/ONLINE,WB69084,,,Utilities,NET,420.00,,2322309.57
XXXX-XXXX-9876,2025-03-14,2025-03-14,CC Payment HDFC Regalia XXXX-4321,NACH483646,,,Debt Payment,NACH,11000.00,,2311309.57
XXXX-XXXX-9876,2025-03-02,2025-03-02,POS DR/BIGBASKET/DELHI,POS865168,BigBasket,5411,Groceries,POS,1350.00,,2309959.57
XXXX-XXXX-9876,2025-03-09,2025-03-09,POS DR/BIGBASKET/DELHI,POS407383,BigBasket,5411,Groceries,POS,1100.00,,2308859.57
XXXX-XXXX-9876,2025-03-16,2025-03-16,POS DR/BIGBASKET/DELHI,POS843686,BigBasket,5411,Groceries,POS,1890.00,,2306969.57
XXXX-XXXX-9876,2025-03-23,2025-03-23,POS DR/BIGBASKET/DELHI,POS582952,BigBasket,5411,Groceries,POS,1725.00,,2305244.57
XXXX-XXXX-9876,2025-03-30,2025-03-30,POS DR/BIGBASKET/DELHI,POS155218,BigBasket,5411,Groceries,POS,1580.00,,2303664.57
XXXX-XXXX-9876,2025-03-15,2025-03-15,POS DR/BPCL FUEL PUMP/DELHI,POS111954,BPCL,5541,Transport,POS,1200.00,,2302464.57
XXXX-XXXX-9876,2025-03-28,2025-03-28,POS DR/HPCL FUEL PUMP/DELHI,POS782305,HPCL,5541,Transport,POS,1200.00,,2301264.57
XXXX-XXXX-9876,2025-03-26,2025-03-26,POS DR/SWIGGY/FOOD ORDER,POS507842,Swiggy,5814,Dining,POS,350.00,,2300914.57
XXXX-XXXX-9876,2025-03-29,2025-03-29,POS DR/SWIGGY/FOOD ORDER,POS427674,Swiggy,5814,Dining,POS,620.00,,2300294.57
XXXX-XXXX-9876,2025-03-18,2025-03-18,UPI CR/***@oksbi/Refund,UPI864875,,,Refund,UPI,,1500.00,2301794.57
XXXX-XXXX-9876,2025-03-10,2025-03-10,SI POS/NETFLIX.COM/Subscriptions,SI73744,,,Subscriptions,SI,649.00,,2301145.57
XXXX-XXXX-9876,2025-03-11,2025-03-11,UPI DR/AIRTEL PREPAID/***@okaxis,UPI738528,,,Telecom,UPI,399.00,,2300746.57
XXXX-XXXX-9876,2025-03-25,2025-03-25,POS DR/INDIGO AIRLINES/TICKET,POS702892,IndiGo,4511,Travel,POS,8200.00,,2292546.57
XXXX-XXXX-9876,2025-03-27,2025-03-27,INT CR/SB INTEREST,INT71577,,,Interest,AUTO,,45.75,2292592.32
XXXX-XXXX-9876,2025-04-01,2025-04-01,NEFT CR/Salary CREDIT/APR 2025,NEFT2504S,Employer: TechNova Solutions,,Income,NEFT,,94898.93,2387491.25
XXXX-XXXX-9876,2025-04-03,2025-04-03,IMPS DR/RENT/HOME OWNER,IMPS809759,,,Housing,IMPS,23000.00,,2364491.25
XXXX-XXXX-9876,2025-04-07,2025-04-07,ELECTRICITY BILL/NDPL/ONLINE,EB31819,,,Utilities,NET,1750.00,,2362741.25
XXXX-XXXX-9876,2025-04-08,2025-04-08,WATER BILL/DJB/ONLINE,WB25296,,,Utilities,NET,480.00,,2362261.25
XXXX-XXXX-9876,2025-04-14,2025-04-14,CC Payment HDFC Regalia XXXX-4321,NACH760295,,,Debt Payment,NACH,13000.00,,2349261.25
XXXX-XXXX-9876,2025-04-06,2025-04-06,POS DR/BIGBASKET/DELHI,POS600131,BigBasket,5411,Groceries,POS,1725.00,,2347536.25
XXXX-XXXX-9876,2025-04-13,2025-04-13,POS DR/BIGBASKET/DELHI,POS915889,BigBasket,5411,Groceries,POS,1725.00,,2345811.25
XXXX-XXXX-9876,2025-04-20,2025-04-20,POS DR/BIGBASKET/DELHI,POS385192,BigBasket,5411,Groceries,POS,1725.00,,2344086.25
XXXX-XXXX-9876,2025-04-27,2025-04-27,POS DR/BIGBASKET/DELHI,POS450104,BigBasket,5411,Groceries,POS,1890.00,,2342196.25
XXXX-XXXX-9876,2025-04-15,2025-04-15,POS DR/IOCL FUEL PUMP/DELHI,POS163583,IOCL,5541,Transport,POS,1800.00,,2340396.25
XXXX-XXXX-9876,2025-04-28,2025-04-28,POS DR/BPCL FUEL PUMP/DELHI,POS735251,BPCL,5541,Transport,POS,1800.00,,2338596.25
XXXX-XXXX-9876,2025-04-02,2025-04-02,POS DR/SWIGGY/FOOD ORDER,POS973070,Swiggy,5814,Dining,POS,890.00,,2337706.25
XXXX-XXXX-9876,2025-04-09,2025-04-09,POS DR/SWIGGY/FOOD ORDER,POS713069,Swiggy,5814,Dining,POS,620.00,,2337086.25
XXXX-XXXX-9876,2025-04-18,2025-04-18,UPI CR/***@oksbi/Refund,UPI549379,,,Refund,UPI,,1500.00,2338586.25
XXXX-XXXX-9876,2025-04-10,2025-04-10,SI POS/NETFLIX.COM/Subscriptions,SI59371,,,Subscriptions,SI,649.00,,2337937.25
XXXX-XXXX-9876,2025-04-11,2025-04-11,UPI DR/AIRTEL PREPAID/***@okaxis,UPI506172,,,Telecom,UPI,399.00,,2337538.25
XXXX-XXXX-9876,2025-04-27,2025-04-27,INT CR/SB INTEREST,INT40717,,,Interest,AUTO,,45.75,2337584.00
XXXX-XXXX-9876,2025-05-01,2025-05-01,NEFT CR/Salary CREDIT/MAY 2025,NEFT2505S,Employer: TechNova Solutions,,Income,NEFT,,94898.93,2432482.93
XXXX-XXXX-9876,2025-05-03,2025-05-03,IMPS DR/RENT/HOME OWNER,IMPS946705,,,Housing,IMPS,23000.00,,2409482.93
XXXX-XXXX-9876,2025-05-07,2025-05-07,ELECTRICITY BILL/NDPL/ONLINE,EB69148,,,Utilities,NET,1850.00,,2407632.93
XXXX-XXXX-9876,2025-05-08,2025-05-08,WATER BILL/DJB/ONLINE,WB10220,,,Utilities,NET,480.00,,2407152.93
XXXX-XXXX-9876,2025-05-14,2025-05-14,CC Payment HDFC Regalia XXXX-4321,NACH381042,,,Debt Payment,NACH,15000.00,,2392152.93
XXXX-XXXX-9876,2025-05-04,2025-05-04,POS DR/BIGBASKET/DELHI,POS264920,BigBasket,5411,Groceries,POS,1725.00,,2390427.93
XXXX-XXXX-9876,2025-05-11,2025-05-11,POS DR/BIGBASKET/DELHI,POS955623,BigBasket,5411,Groceries,POS,1890.00,,2388537.93
XXXX-XXXX-9876,2025-05-18,2025-05-18,POS DR/BIGBASKET/DELHI,POS402536,BigBasket,5411,Groceries,POS,1100.00,,2387437.93
XXXX-XXXX-9876,2025-05-25,2025-05-25,POS DR/BIGBASKET/DELHI,POS951184,BigBasket,5411,Groceries,POS,1350.00,,2386087.93
XXXX-XXXX-9876,2025-05-15,2025-05-15,POS DR/BPCL FUEL PUMP/DELHI,POS387151,BPCL,5541,Transport,POS,1500.00,,2384587.93
XXXX-XXXX-9876,2025-05-28,2025-05-28,POS DR/BPCL FUEL PUMP/DELHI,POS463701,BPCL,5541,Transport,POS,2200.00,,2382387.93
XXXX-XXXX-9876,2025-05-05,2025-05-05,POS DR/SWIGGY/FOOD ORDER,POS680569,Swiggy,5814,Dining,POS,890.00,,2381497.93
XXXX-XXXX-9876,2025-05-24,2025-05-24,POS DR/SWIGGY/FOOD ORDER,POS936122,Swiggy,5814,Dining,POS,750.00,,2380747.93
XXXX-XXXX-9876,2025-05-18,2025-05-18,UPI CR/***@oksbi/Refund,UPI500281,,,Refund,UPI,,1500.00,2382247.93
XXXX-XXXX-9876,2025-05-10,2025-05-10,SI POS/NETFLIX.COM/Subscriptions,SI40675,,,Subscriptions,SI,649.00,,2381598.93
XXXX-XXXX-9876,2025-05-11,2025-05-11,UPI DR/AIRTEL PREPAID/***@okaxis,UPI424503,,,Telecom,UPI,399.00,,2381199.93
XXXX-XXXX-9876,2025-05-27,2025-05-27,INT CR/SB INTEREST,INT70990,,,Interest,AUTO,,45.75,2381245.68
XXXX-XXXX-9876,2025-06-01,2025-06-01,NEFT CR/Salary CREDIT/JUN 2025,NEFT2506S,Employer: TechNova Solutions,,Income,NEFT,,94898.93,2476144.61
XXXX-XXXX-9876,2025-06-03,2025-06-03,IMPS DR/RENT/HOME OWNER,IMPS842747,,,Housing,IMPS,23000.00,,2453144.61
XXXX-XXXX-9876,2025-06-07,2025-06-07,ELECTRICITY BILL/NDPL/ONLINE,EB37077,,,Utilities,NET,1850.00,,2451294.61
XXXX-XXXX-9876,2025-06-08,2025-06-08,WATER BILL/DJB/ONLINE,WB86859,,,Utilities,NET,350.00,,2450944.61
XXXX-XXXX-9876,2025-06-14,2025-06-14,CC Payment HDFC Regalia XXXX-4321,NACH582048,,,Debt Payment,NACH,17000.00,,2433944.61
XXXX-XXXX-9876,2025-06-15,2025-06-15,POS DR/BIGBASKET/DELHI,POS191961,BigBasket,5411,Groceries,POS,1890.00,,2432054.61
XXXX-XXXX-9876,2025-06-22,2025-06-22,POS DR/BIGBASKET/DELHI,POS945755,BigBasket,5411,Groceries,POS,1890.00,,2430164.61
XXXX-XXXX-9876,2025-06-29,2025-06-29,POS DR/BIGBASKET/DELHI,POS909675,BigBasket,5411,Groceries,POS,1580.00,,2428584.61
XXXX-XXXX-9876,2025-06-15,2025-06-15,POS DR/HPCL FUEL PUMP/DELHI,POS517528,HPCL,5541,Transport,POS,1500.00,,2427084.61
XXXX-XXXX-9876,2025-06-28,2025-06-28,POS DR/BPCL FUEL PUMP/DELHI,POS973807,BPCL,5541,Transport,POS,1800.00,,2425284.61
XXXX-XXXX-9876,2025-06-17,2025-06-17,POS DR/SWIGGY/FOOD ORDER,POS630756,Swiggy,5814,Dining,POS,750.00,,2424534.61
XXXX-XXXX-9876,2025-06-23,2025-06-23,POS DR/SWIGGY/FOOD ORDER,POS311675,Swiggy,5814,Dining,POS,890.00,,2423644.61
XXXX-XXXX-9876,2025-06-18,2025-06-18,UPI CR/***@oksbi/Refund,UPI298339,,,Refund,UPI,,1500.00,2425144.61
XXXX-XXXX-9876,2025-06-10,2025-06-10,SI POS/NETFLIX.COM/Subscriptions,SI35206,,,Subscriptions,SI,649.00,,2424495.61
XXXX-XXXX-9876,2025-06-11,2025-06-11,UPI DR/AIRTEL PREPAID/***@okaxis,UPI196666,,,Telecom,UPI,399.00,,2424096.61
XXXX-XXXX-9876,2025-06-25,2025-06-25,UPI DR/OLA CABS/***@okicici,UPI480450,Ola,4121,Transport,UPI,540.00,,2423556.61
XXXX-XXXX-9876,2025-06-27,2025-06-27,INT CR/SB INTEREST,INT57040,,,Interest,AUTO,,45.75,2423602.36
XXXX-XXXX-9876,2025-07-01,2025-07-01,NEFT CR/Salary CREDIT/JUL 2025,NEFT2507S,Employer: TechNova Solutions,,Income,NEFT,,94898.93,2518501.29
XXXX-XXXX-9876,2025-07-03,2025-07-03,IMPS DR/RENT/HOME OWNER,IMPS522042,,,Housing,IMPS,23000.00,,2495501.29
XXXX-XXXX-9876,2025-07-07,2025-07-07,ELECTRICITY BILL/NDPL/ONLINE,EB77792,,,Utilities,NET,1750.00,,2493751.29
XXXX-XXXX-9876,2025-07-08,2025-07-08,WATER BILL/DJB/ONLINE,WB42283,,,Utilities,NET,350.00,,2493401.29
XXXX-XXXX-9876,2025-07-14,2025-07-14,CC Payment HDFC Regalia XXXX-4321,NACH492209,,,Debt Payment,NACH,17000.00,,2476401.29
XXXX-XXXX-9876,2025-07-06,2025-07-06,POS DR/BIGBASKET/DELHI,POS489722,BigBasket,5411,Groceries,POS,1100.00,,2475301.29
XXXX-XXXX-9876,2025-07-13,2025-07-13,POS DR/BIGBASKET/DELHI,POS925593,BigBasket,5411,Groceries,POS,1725.00,,2473576.29
XXXX-XXXX-9876,2025-07-20,2025-07-20,POS DR/BIGBASKET/DELHI,POS263740,BigBasket,5411,Groceries,POS,1100.00,,2472476.29
XXXX-XXXX-9876,2025-07-27,2025-07-27,POS DR/BIGBASKET/DELHI,POS726222,BigBasket,5411,Groceries,POS,1580.00,,2470896.29
XXXX-XXXX-9876,2025-07-15,2025-07-15,POS DR/HPCL FUEL PUMP/DELHI,POS394175,HPCL,5541,Transport,POS,1800.00,,2469096.29
XXXX-XXXX-9876,2025-07-28,2025-07-28,POS DR/BPCL FUEL PUMP/DELHI,POS198655,BPCL,5541,Transport,POS,1200.00,,2467896.29
XXXX-XXXX-9876,2025-07-04,2025-07-04,POS DR/SWIGGY/FOOD ORDER,POS609938,Swiggy,5814,Dining,POS,890.00,,2467006.29
XXXX-XXXX-9876,2025-07-11,2025-07-11,POS DR/SWIGGY/FOOD ORDER,POS694735,Swiggy,5814,Dining,POS,890.00,,2466116.29
XXXX-XXXX-9876,2025-07-18,2025-07-18,UPI CR/***@oksbi/Refund,UPI323958,,,Refund,UPI,,2000.00,2468116.29
XXXX-XXXX-9876,2025-07-10,2025-07-10,SI POS/NETFLIX.COM/Subscriptions,SI46677,,,Subscriptions,SI,649.00,,2467467.29
XXXX-XXXX-9876,2025-07-11,2025-07-11,UPI DR/AIRTEL PREPAID/***@okaxis,UPI546640,,,Telecom,UPI,399.00,,2467068.29
XXXX-XXXX-9876,2025-07-25,2025-07-25,POS DR/INDIGO AIRLINES/TICKET,POS721931,IndiGo,4511,Travel,POS,8200.00,,2458868.29
XXXX-XXXX-9876,2025-07-27,2025-07-27,INT CR/SB INTEREST,INT27157,,,Interest,AUTO,,45.75,2458914.04
XXXX-XXXX-9876,2025-08-01,2025-08-01,NEFT CR/Salary CREDIT/AUG 2025,NEFT2508S,Employer: TechNova Solutions,,Income,NEFT,,94898.93,2553812.97
XXXX-XXXX-9876,2025-08-03,2025-08-03,IMPS DR/RENT/HOME OWNER,IMPS366333,,,Housing,IMPS,23000.00,,2530812.97
XXXX-XXXX-9876,2025-08-07,2025-08-07,ELECTRICITY BILL/NDPL/ONLINE,EB14963,,,Utilities,NET,1850.00,,2528962.97
XXXX-XXXX-9876,2025-08-08,2025-08-08,WATER BILL/DJB/ONLINE,WB36344,,,Utilities,NET,420.00,,2528542.97
XXXX-XXXX-9876,2025-08-14,2025-08-14,CC Payment HDFC Regalia XXXX-4321,NACH187720,,,Debt Payment,NACH,17000.00,,2511542.97
XXXX-XXXX-9876,2025-08-10,2025-08-10,POS DR/BIGBASKET/DELHI,POS153474,BigBasket,5411,Groceries,POS,1100.00,,2510442.97
XXXX-XXXX-9876,2025-08-17,2025-08-17,POS DR/BIGBASKET/DELHI,POS684455,BigBasket,5411,Groceries,POS,1100.00,,2509342.97
XXXX-XXXX-9876,2025-08-24,2025-08-24,POS DR/BIGBASKET/DELHI,POS839844,BigBasket,5411,Groceries,POS,1580.00,,2507762.97
XXXX-XXXX-9876,2025-08-31,2025-08-31,POS DR/BIGBASKET/DELHI,POS610483,BigBasket,5411,Groceries,POS,1725.00,,2506037.97
XXXX-XXXX-9876,2025-08-15,2025-08-15,POS DR/HPCL FUEL PUMP/DELHI,POS225741,HPCL,5541,Transport,POS,2200.00,,2503837.97
XXXX-XXXX-9876,2025-08-28,2025-08-28,POS DR/BPCL FUEL PUMP/DELHI,POS369687,BPCL,5541,Transport,POS,1200.00,,2502637.97
XXXX-XXXX-9876,2025-08-17,2025-08-17,POS DR/SWIGGY/FOOD ORDER,POS771752,Swiggy,5814,Dining,POS,480.00,,2502157.97
XXXX-XXXX-9876,2025-08-25,2025-08-25,POS DR/SWIGGY/FOOD ORDER,POS802253,Swiggy,5814,Dining,POS,350.00,,2501807.97
XXXX-XXXX-9876,2025-08-18,2025-08-18,UPI CR/***@oksbi/Refund,UPI631104,,,Refund,UPI,,2500.00,2504307.97
XXXX-XXXX-9876,2025-08-10,2025-08-10,SI POS/NETFLIX.COM/Subscriptions,SI33942,,,Subscriptions,SI,649.00,,2503658.97
XXXX-XXXX-9876,2025-08-11,2025-08-11,UPI DR/AIRTEL PREPAID/***@okaxis,UPI570122,,,Telecom,UPI,399.00,,2503259.97
XXXX-XXXX-9876,2025-08-27,2025-08-27,INT CR/SB INTEREST,INT40818,,,Interest,AUTO,,45.75,2503305.72
XXXX-XXXX-9876,2025-09-01,2025-09-01,NEFT CR/Salary CREDIT/SEP 2025,NEFT2509S,Employer: TechNova Solutions,,Income,NEFT,,94898.93,2598204.65
XXXX-XXXX-9876,2025-09-03,2025-09-03,IMPS DR/RENT/HOME OWNER,IMPS855720,,,Housing,IMPS,23000.00,,2575204.65
XXXX-XXXX-9876,2025-09-07,2025-09-07,ELECTRICITY BILL/NDPL/ONLINE,EB39061,,,Utilities,NET,1750.00,,2573454.65
XXXX-XXXX-9876,2025-09-08,2025-09-08,WATER BILL/DJB/ONLINE,WB15063,,,Utilities,NET,480.00,,2572974.65
XXXX-XXXX-9876,2025-09-14,2025-09-14,CC Payment HDFC Regalia XXXX-4321,NACH162156,,,Debt Payment,NACH,15000.00,,2557974.65
XXXX-XXXX-9876,2025-09-21,2025-09-21,POS DR/BIGBASKET/DELHI,POS129135,BigBasket,5411,Groceries,POS,1890.00,,2556084.65
XXXX-XXXX-9876,2025-09-28,2025-09-28,POS DR/BIGBASKET/DELHI,POS370431,BigBasket,5411,Groceries,POS,1100.00,,2554984.65
XXXX-XXXX-9876,2025-09-15,2025-09-15,POS DR/BPCL FUEL PUMP/DELHI,POS158476,BPCL,5541,Transport,POS,2200.00,,2552784.65
XXXX-XXXX-9876,2025-09-28,2025-09-28,POS DR/HPCL FUEL PUMP/DELHI,POS433114,HPCL,5541,Transport,POS,1500.00,,2551284.65
XXXX-XXXX-9876,2025-09-02,2025-09-02,POS DR/SWIGGY/FOOD ORDER,POS718435,Swiggy,5814,Dining,POS,620.00,,2550664.65
XXXX-XXXX-9876,2025-09-11,2025-09-11,POS DR/SWIGGY/FOOD ORDER,POS562715,Swiggy,5814,Dining,POS,890.00,,2549774.65
XXXX-XXXX-9876,2025-09-18,2025-09-18,UPI CR/***@oksbi/Refund,UPI894713,,,Refund,UPI,,1000.00,2550774.65
XXXX-XXXX-9876,2025-09-10,2025-09-10,SI POS/NETFLIX.COM/Subscriptions,SI71698,,,Subscriptions,SI,649.00,,2550125.65
XXXX-XXXX-9876,2025-09-11,2025-09-11,UPI DR/AIRTEL PREPAID/***@okaxis,UPI439653,,,Telecom,UPI,399.00,,2549726.65
XXXX-XXXX-9876,2025-09-27,2025-09-27,INT CR/SB INTEREST,INT59149,,,Interest,AUTO,,45.75,2549772.40
XXXX-XXXX-9876,2025-10-01,2025-10-01,NEFT CR/Salary CREDIT/OCT 2025,NEFT2510S,Employer: TechNova Solutions,,Income,NEFT,,94898.93,2644671.33
XXXX-XXXX-9876,2025-10-03,2025-10-03,IMPS DR/RENT/HOME OWNER,IMPS604693,,,Housing,IMPS,23000.00,,2621671.33
XXXX-XXXX-9876,2025-10-07,2025-10-07,ELECTRICITY BILL/NDPL/ONLINE,EB59760,,,Utilities,NET,1750.00,,2619921.33
XXXX-XXXX-9876,2025-10-08,2025-10-08,WATER BILL/DJB/ONLINE,WB67853,,,Utilities,NET,420.00,,2619501.33
XXXX-XXXX-9876,2025-10-14,2025-10-14,CC Payment HDFC Regalia XXXX-4321,NACH810559,,,Debt Payment,NACH,13000.00,,2606501.33
XXXX-XXXX-9876,2025-10-05,2025-10-05,POS DR/BIGBASKET/DELHI,POS590626,BigBasket,5411,Groceries,POS,1100.00,,2605401.33
XXXX-XXXX-9876,2025-10-12,2025-10-12,POS DR/BIGBASKET/DELHI,POS937654,BigBasket,5411,Groceries,POS,1350.00,,2604051.33
XXXX-XXXX-9876,2025-10-19,2025-10-19,POS DR/BIGBASKET/DELHI,POS264580,BigBasket,5411,Groceries,POS,1100.00,,2602951.33
XXXX-XXXX-9876,2025-10-26,2025-10-26,POS DR/BIGBASKET/DELHI,POS181565,BigBasket,5411,Groceries,POS,1350.00,,2601601.33
XXXX-XXXX-9876,2025-10-15,2025-10-15,POS DR/BPCL FUEL PUMP/DELHI,POS885475,BPCL,5541,Transport,POS,1800.00,,2599801.33
XXXX-XXXX-9876,2025-10-28,2025-10-28,POS DR/HPCL FUEL PUMP/DELHI,POS201698,HPCL,5541,Transport,POS,2200.00,,2597601.33
XXXX-XXXX-9876,2025-10-02,2025-10-02,POS DR/SWIGGY/FOOD ORDER,POS574306,Swiggy,5814,Dining,POS,350.00,,2597251.33
XXXX-XXXX-9876,2025-10-19,2025-10-19,POS DR/SWIGGY/FOOD ORDER,POS438234,Swiggy,5814,Dining,POS,620.00,,2596631.33
XXXX-XXXX-9876,2025-10-18,2025-10-18,UPI CR/***@oksbi/Refund,UPI963041,,,Refund,UPI,,1500.00,2598131.33
XXXX-XXXX-9876,2025-10-10,2025-10-10,SI POS/NETFLIX.COM/Subscriptions,SI72591,,,Subscriptions,SI,649.00,,2597482.33
XXXX-XXXX-9876,2025-10-11,2025-10-11,UPI DR/AIRTEL PREPAID/***@okaxis,UPI221226,,,Telecom,UPI,399.00,,2597083.33
XXXX-XXXX-9876,2025-10-27,2025-10-27,BANK CHARGES/CONSOLIDATED,BNK39052,,,Bank Charges,NET,29.50,,2597053.83
